4808 5686
184 329 263 385 arx
283 328 362 385 san.
380 332 434 387 ex
453 331 539 389 con.
558 333 667 388 rvtn
986 333 1064 387 arx
1080 333 1160 391 san
1177 334 1397 414 numanam.

58 550 139 625 rte
153 551 278 651 m.
313 553 371 627 ne
387 553 514 649 coqui
529 552 665 625 autam
687 552 782 626 atte-
806 500 810 631 l
834 553 911 626 ru.
927 552 1048 629 Lxx,
1089 558 1148 631 ne
1167 583 1214 634 eo
1235 561 1302 658 qut
1321 560 1435 633 attam
1458 561 1553 633 aue-

10 732 15 753 ,
84 676 179 727 unm
192 654 412 751 requisierit
429 663 520 726 etse
536 654 755 727 retraxerit.
807 704 809 727 t
832 679 923 729 nam
939 657 1166 754 quaesierit)
1182 669 1221 734 et
1242 685 1284 735 se
1305 657 1551 735 retraxeritll

101 782 141 855 Si
162 783 237 875 quie
258 783 358 852 filiam
379 784 519 851 alienam
536 782 579 850 ad
593 784 781 876 coniugium
805 860 808 881 Ι
876 786 912 856 Si
934 786 1006 878 quis
1024 789 1125 858 filiam
1144 791 1280 859 alienam
1300 793 1343 859 etl
1364 791 1550 884 coniugium

56 884 250 981 quaesierit,
272 888 494 978 praesentibus
515 886 581 953 attis
603 902 634 953 et
654 890 782 977 puellae
805 884 807 905 '
832 889 1021 978 quaesierit,
1043 894 1264 983 praesentibus
1286 896 1353 962 ruis
1372 910 1403 961 et
1422 898 1549 987 puellae

58 984 265 1081 parentibus,
297 992 340 1055 et‘
356 1003 470 1079 postea
497 1013 532 1053 se
559 989 727 1055 retraxerit
749 1005 781 1056 et
804 1000 807 1078 f
830 991 1034 1081 parentibus,
1062 1009 1094 1062 et
1121 1011 1234 1086 postea
1262 1022 1298 1063 ee
1323 996 1492 1064 retraxerit
1519 1011 1576 1085 et,

59 1112 133 1157 eant
152 1090 303 1182 accipere
330 1090 471 1157 noluerit
504 1090 639 1167 (meib.
661 1091 780 1179 frifra
804 1132 806 1160 t
831 1117 903 1159 eam
925 1093 1073 1185 accipere
1093 1098 1249 1180 noluerit,
1272 1097 1389 1164 MMD.
1408 1097 1575 1164 denariie³

57 1193 210 1285 sigma),
244 1191 361 1259 MMD.
394 1190 545 1258 denarios
574 1194 629 1280 qui
658 1191 780 1258 faciunt
803 1196 806 1263 i
831 1194 887 1283 qui
908 1194 1029 1265 faciunt
1050 1198 1174 1267 solidos
1194 1199 1299 1268 Lxlt.
1323 1199 1356 1268 S.
1380 1198 1548 1290 culpabilis

10 1342 12 1371 2
55 1290 187 1361 eaeor
215 1290 321 1361 tht
350 1307 383 1360 e
410 1291 582 1360 dimidium
610 1294 779 1386 eulmine
803 1276 806 1350 l
829 1295 1000 1364 iudicetur.

54 1390 230 1465 indiam
830 1452 906 1524 Tit.
918 1449 1058 1527 LXXI.
1080 1453 1247 1528 Deterre
1258 1450 1546 1530 condemnate).
1570 1382 1575 1499 ε

872 1583 909 1653 Si
930 1582 1002 1674 quis
1016 1599 1134 1652 terram
1152 1586 1289 1653 alienam
1296 1584 1327 1667 ‘¹)
1350 1586 1549 1655 condemna-

829 1684 931 1768 verit,
954 1701 986 1752 et
1007 1686 1039 1753 ei
1060 1687 1157 1755 suerit
1178 1687 1409 1780 adprobatum,
1432 1688 1547 1754 MMD.

803 1829 805 1841 ·
831 1785 972 1855 denariis
1000 1787 1056 1879 qui
1083 1787 1205 1857 faciunt
1232 1790 1356 1859 solidos‘
1384 1789 1490 1863 LXII.
1512 1789 1547 1859 S.

830 1889 999 1980 culpabilis
1021 1891 1226 1971 iudicetur).

1063 2193 1082 2200 -ι
1088 2194 1112 2200 --
1116 2194 1212 2201 ...μι-

94 2482 173 2561 Tit.
199 2484 360 2560 Lxxtt.
411 2486 470 2561 De
494 2494 598 2560 terra
624 2486 739 2562 Corn-

326 2589 516 2662 menduta.

845 2487 920 2562 Tit.
936 2486 1095 2562 Lxxtt.
1128 2448 1187 2563 De
1200 2480 1527 2564 urvietusutetoft.

88 2716 121 2774 hi
144 2719 208 2794 qnia
228 2718 310 2775 alteri
333 2718 444 2774 avicum
463 2729 566 2775 terram
587 2735 667 2774 suam
692 2736 775 2776 com-

60 2800 249 2867 mendaverit,
273 2813 302 2859 et
319 2803 347 2858 ei
366 2803 489 2859 noluerit
506 2804 642 2871 reddere,
664 2804 687 2859 si
708 2822 774 2858 eum

59 2886 235 2943 edmalluerit
246 2896 275 2943 et
287 2886 484 2954 convinxerit,
502 2888 561 2944 DC.
579 2888 645 2943 den.
664 2889 713 2964 qui
728 2887 773 2942 fa·

58 2968 136 3027 ritant
146 2970 202 3028 tol.
213 2972 281 3028 XV.
293 2969 443 3043 culpabilis
458 2970 607 3030 iudicetur.

10 3132 20 3141 '
97 3124 177 3200 Tit.
190 3121 365 3199 Lxxvt.
397 3126 456 3201 De
471 3126 731 3203 Antrussione.

88 3272 152 3344 §.h
168 3272 200 3329 ei
216 3273 357 3331 antmssio
369 3273 577 3330 entntsslonem
590 3274 626 3330 de
644 3293 772 3350 quacun·

863 2723 883 2789 l.
902 2726 926 2780 t.
954 2723 984 2776 Si
998 2723 1060 2797 quis
1071 2723 1143 2801 pitto
1157 2719 1271 2777 alterius
1281 2722 1307 2787 u)
1320 2718 1476 2774 excusserit
1495 2717 1544 2774 in-

826 2806 886 2863 rita
899 2805 1034 2873 strictob).
1050 2807 1140 2861 CXX.
1154 2805 1279 2859 denariis
1292 2804 1339 2878 qui
1352 2803 1459 2859 faciunt
1470 2803 1543 2859 soli-

827 2889 879 2945 dos
892 2893 940 2945 tlt.
953 2888 1102 2962 culpabilis
1116 2889 1254 2944 iudicetur
1263 2886 1295 2950 i).

861 2975 883 3042 l.
895 2976 921 3029 2
941 2974 971 3027 Si
983 2992 1052 3029 vero
1066 2984 1165 3030 contra
1182 2975 1358 3027 voluntatem
1371 2969 1497 3035 domini,
1515 2979 1545 3026 et

827 3074 932 3131 negare
944 3057 1081 3125 voluerit,
1103 3068 1131 3114 et
1144 3059 1170 3114 ei
1185 3057 1271 3112 tuerit
1282 3055 1480 3127 adprobatum,
1493 3072 1543 3111 oa·

827 3139 946 3214 pitatet)
959 3141 1099 3210 restituat,
1128 3154 1156 3198 et
1166 3143 1285 3211 insuper
1298 3139 1434 3196 brecco.
1451 3140 1544 3194 dena·

826 3227 877 3281 riis
892 3227 941 3299 qui
956 3226 1064 3282 iaciunt
1075 3228 1183 3284 solidos
1194 3227 1321 3283 XXXV.
1333 3222 1484 3297 culpabilis
1497 3223 1544 3279 iu-

545 3359 551 3372 ,
651 3361 657 3372 ,
798 3292 975 3381 teiceturu.

57 3374 114 3432 φο
134 3374 236 3413 autea
260 3358 414 3413 admallare
440 3361 579 3420 noluerit.
608 3359 773 3434 ubicunque

56 3456 122 3496 m
134 3440 268 3497 invenire
281 3441 419 3514 potuerit,
443 3458 530 3514 super
545 3454 654 3515 septem
674 3455 772 3499 noctes

57 3541 120 3582 uu·
132 3523 252 3581 testibus
263 3543 328 3581 eum
343 3540 445 3599 rogare
457 3523 557 3594 debet,
574 3538 605 3583 ut
618 3538 684 3583 ante
696 3528 773 3582 iudi-

56 3600 362 3685 madalanobergo
381 3607 419 3663 de
439 3626 539 3677 causa,
564 3628 637 3687 quae
656 3612 771 3685 inputa-

57 3701 116 3761 tur,
132 3709 171 3749 ex
189 3693 247 3750 hoo
258 3692 461 3770 respondendo
482 3692 584 3749 debeat
606 3696 772 3752 eonvenite.

57 3778 88 3837 Si
99 3778 143 3835 eia
155 3774 264 3835 ibidem
278 3795 339 3833 non
351 3778 533 3843 convenerit,
553 3788 598 3832 aut
612 3778 664 3834 iste
676 3781 773 3834 venire
800 3768 805 3839 t

56 3860 212 3931 thalete,
239 3860 288 3935 qni
304 3861 398 3933 ipsum
413 3860 625 3929 admallaverit,
652 3863 684 3918 in
703 3863 773 3919 nubi

56 3962 122 4003 m
136 3944 267 4003 aoteatire
281 3942 375 3999 debet.
412 3945 460 4000 ste
479 3955 580 4017 postea
599 3946 696 4002 iterata
708 3949 774 4003 vice

55 4029 93 4087 erl
103 4039 205 4085 nomas
215 4029 296 4084 xlv.
312 4044 378 4083 euna
396 4046 499 4105 rogare
514 4029 613 4097 debet,
631 4041 662 4086 ut
680 4032 716 4086 ad
735 4032 773 4086 il-

54 4114 116 4171 lu
133 4109 311 4186 Hallehergo
336 4111 440 4169 dabam
462 4113 563 4170 venire
587 4116 622 4170 ad
647 4114 773 4171 dandum

56 4212 243 4271 reaponantnr
259 4205 289 4252 et
307 4195 357 4271 qni
375 4196 543 4253 admallatur
562 4199 587 4254 si
603 4217 638 4255 eo
652 4198 772 4268 venerit,

55 4290 125 4338 tone
147 4278 197 4355 qni
223 4288 290 4335 aunt
312 4279 493 4348 admallarit,
523 4283 547 4339 si
572 4300 657 4339 causa
679 4283 775 4339 minor

56 4362 157 4433 tuerit,
178 4371 228 4419 ant
243 4362 438 4440 minna-quant
450 4368 575 4423 XXXV.
588 4367 672 4424 solid.
691 4368 774 4423 oom-

56 4457 196 4524 ponatnr,
214 4444 302 4503 dehet
322 4447 364 4503 ibi
383 4459 480 4507 sextae
499 4450 638 4506 wedredo
661 4451 754 4507 iurare
760 4470 772 4520 ᾗ
892 4476 896 4483 =

57 4542 86 4589 at
97 4532 149 4588 ille
158 4540 259 4604 postea
269 4531 318 4604 qni
333 4543 447 4607 rogatus
457 4533 563 4603 luerat,
585 4535 610 4590 si
622 4552 653 4590 ee
667 4551 705 4590 ex
717 4536 772 4592 boc

57 4616 195 4675 idunan!
220 4630 284 4671 erto
307 4627 477 4690 cognoteat,
505 4636 537 4676 ae
563 4617 649 4676 debet
671 4629 772 4692 postea

1214 2193 1327 2201 ——u---
1339 2191 1461 2200 ...μ-.-.-
1486 2190 1494 2196 .
1509 2189 1556 2195 ---
1574 2188 1581 2195 .

2245 142 2319 221 15⁵

1776 336 1853 395 Lux
1872 292 2142 399 lttrvantottvbt.

1596 2484 1673 2561 Tit.
1695 2483 1894 2560 XXXVII.
1934 2484 2014 2577 ‚De
2040 2483 2193 2561 dotibus
2225 2508 2314 2561 mu·

1876 2586 2029 2663 lierum.

1627 2719 1650 2787 t.
1663 2721 1688 2773 t.
1703 2716 1734 2772 si
1747 2716 1810 2791 quis
1821 2716 1971 2773 mulierem
1983 2716 2209 2791 deaponrarerit,
2229 2715 2315 2793 quio·

1595 2802 1663 2879 quid
1677 2800 1705 2857 ei
1716 2819 1768 2873 per
1782 2800 1942 2857 tabtrlartun
1957 2819 2009 2859 seu
2028 2803 2188 2858 obartarunt
2205 2798 2314 2857 instru-

1586 2896 1690 2961 menta
1725 2886 1939 2958 conscripserit,
1971 2886 2176 2960 perpetualiter
2205 2882 2313 2943 inoon·

1593 2975 1892 3043 rulsumpermaneat.

1626 3057 1648 3126 l.
1663 3059 1689 3113 2.
1709 3055 1740 3111 Si
1760 3064 1856 3110 autem
1872 3071 1926 3128 per
1943 3053 2049 3111 seriem
2069 3051 2271 3126 seripturarum
2283 3052 2313 3113 el

1591 3140 1664 3197 nihil
1676 3138 1836 3206 contulerit,
1853 3139 1877 3195 si
1890 3139 1984 3195 rirnnt
1996 3135 2195 3210 supervixerit,
2213 3139 2246 3195 1..
2257 3156 2312 3195 so·

1590 3225 1667 3281 lidos
1678 3223 1709 3279 in
1721 3223 1817 3279 dotem
1830 3223 1965 3295 recipiat,
1985 3232 2014 3278 et
2027 3221 2140 3276 tertiam
2151 3229 2261 3292 partem
2273 3221 2312 3279 de

1591 3309 1672 3369 omni
1688 3325 1735 3375 re,
1754 3325 1840 3381 quam
1855 3306 1942 3361 simul
1961 3303 2227 3372 conlaboraverint,
2253 3302 2311 3363 riui

1590 3392 1703 3452 studeat
1717 3391 1895 3457 evindicare,
1913 3386 2113 3463 relnquicqnid
2132 3387 2161 3443 ei
2180 3388 2210 3445 in
2227 3407 2311 3447 mor-

1590 3475 1719 3553 gangeba
1727 3477 1752 3544 ¹)
1764 3475 1900 3531 traditum
1911 3474 2019 3543 fiterat,
2036 3472 2168 3531 similiter
2181 3471 2277 3530 iaciat.

1626 3562 1647 3630 l.
1662 3563 1687 3618 8.
1708 3560 1792 3634 Quod
1810 3560 1834 3614 si
1850 3576 1888 3615 ex
1905 3559 1964 3626 hit,
1991 3577 2066 3635 quae
2083 3558 2243 3631 conscripta
2260 3558 2311 3615 νά

1591 3645 1693 3701 tradita
1704 3654 1778 3712 suut,
1790 3643 1876 3701 simul
1887 3643 2164 3717 consumptoriam),
2176 3641 2251 3698 nihil
2259 3656 2311 3700 re·

1590 3739 1694 3908 ‹uffi-
1720 3832 1895 3908 vattt.
1954 3831 2014 3906 De
2035 3853 2083 3903 eo
2104 3827 2172 3927 qui
2195 3829 2280 3906 sine
2321 3874 2327 3889 ·

1743 3935 1949 4009 heredibus
1967 3932 2144 4006 moritur.

1625 4048 1655 4104 Si
1671 4046 1734 4123 qnia
1745 4047 1973 4121 procreationem
1991 4045 2114 4102 liliorum
2127 4046 2175 4101 rel
2186 4043 2311 4105 hlitrttn

1591 4150 1652 4188 non
1671 4131 1818 4200 habuerit,
1845 4146 1962 4189 omnem
1984 4130 2147 4186 facultatem
2172 4146 2253 4187 suam
2276 4130 2310 4187 itt

1591 4217 1753 4289 praesentia
1768 4219 1864 4291 Regis,
1886 4215 1950 4271 sire
1966 4212 2150 4281 rirmulieri,
2174 4216 2223 4271 rel
2241 4232 2312 4271 rnn-

1590 4299 1644 4355 lier
1660 4300 1739 4369 viro,
1767 4319 1819 4357 reu
1840 4300 2001 4377 cuicunque
2019 4296 2091 4355 libet
2110 4298 2147 4354 de
2168 4297 2310 4371 proximis

1590 4386 1640 4439 rel
1660 4384 1820 4455 extraneis,
1840 4387 1978 4461 adoptare
1998 4385 2028 4441 in
2040 4384 2242 4450 hereditatem,
2260 4384 2311 4439 rel

1588 4467 1746 4536 admiratu)
1764 4471 2032 4543 perscripturarum
2052 4469 2167 4535 seriata,
2185 4484 2235 4522 seu
2253 4482 2309 4538 par

1591 4553 1788 4609 traditionem.
1806 4565 1835 4609 et
1847 4553 1965 4611 testibus
1982 4553 2132 4620 adhibitis,
2150 4549 2308 4609 seeundum

1589 4638 1683 4713 legem
1699 4639 1860 4713 ltipuariam
1873 4639 2020 4696 licentiam
2031 4636 2146 4697 habeat.

49 4836 182 4913 sariam,
286 4836 316 4910 ἰ)
346 4840 460 4900 'l'itnlur
472 4842 542 4915 iste,
565 4861 652 4920 qoem
667 4863 704 4902 ex
725 4845 798 4904 cod.
816 4844 1004 4903 Macerino
1024 4843 1134 4901 addidit
1149 4845 1283 4907 Belua,
1303 4842 1440 4920 cuiusque
1458 4847 1479 4917 l.
1494 4851 1518 4906 1.
1539 4850 1570 4907 in
1587 4848 1680 4910 l’itb.
1694 4808 1808 4931 qnoque
1825 4856 1900 4913 libro
1921 4875 1952 4914 ae
1969 4856 2114 4915 inveniere
2128 4855 2260 4923 adnotat,
2276 4853 2311 4913 itt

54 4924 158 4985 erraris
170 4920 400 4981 omnibnadeeat
420 4924 527 4994 codd,
549 4946 608 4984 nno
627 4928 810 4986 Guelferb.
824 4939 961 5000 excepto,
988 4927 1038 4984 ubi
1058 4927 1110 4984 sub
1129 4927 1205 4985 mbr.
1226 4931 1269 4981 De
1287 4929 1392 4982 invitus
1409 4934 1473 4986 trito
1495 4932 1598 4993 iisdem
1617 4937 1680 4995 fere
1700 4940 1798 4997 verbis
1815 4942 1925 5014 legitur.
2032 4944 2058 5006 r)
2083 4939 2174 4996 ritu.
2187 4937 2310 4994 attenua

51 5012 133 5089 pitto.
209 5004 238 5077 *l
264 5006 338 5067 (lod.
359 5008 473 5065 euelt.
491 5008 599 5081 (moth.
612 5014 839 5080 hetruscae),
860 5012 950 5070 Pith.
968 5011 1070 5080 (mate.
1088 5012 1247 5078 Wr'stritto).
1327 5008 1352 5079 ἰ)
1375 5014 1463 5074 Pith.
1479 5016 1575 5088 addit,

1600 5032 1714 5099 except.
1729 5041 1793 5099 cop.
1814 5025 1951 5080 inlocum
1967 5026 2107 5087 restituat.
2187 5021 2217 5092 k)
2236 5020 2309 5080 Cod-

54 5087 452 5153 cretatae-rtrum
560 5092 589 5165 ¹)
620 5095 693 5158 cot.
709 5096 825 5161 Gneli.
846 5097 926 5156 addit
939 5105 1061 5175 excepto
1085 5095 1211 5173 capitale
1233 5104 1261 5150 et
1281 5093 1425 5162 delatura,
1534 5104 1569 5174 n)
1595 5105 2070 5203 TiJ,ertind‚.ddm10uquu,
2179 5110 2209 5180 a)
2234 5108 2310 5166 n..

52 5176 144 5241 told.
158 5172 350 5249 adlutirutirr.
