4770 5684
2184 212 2262 326 poa

94 436 136 506 lt,
168 429 246 511 quod
268 427 331 504 ipse
348 442 414 483 eum
432 423 468 480 ad
497 421 632 480 iustitiam
652 421 804 482 cuiuslibet
828 421 1035 482 disfaciendam
1059 421 1159 497 lugere
1182 440 1243 482 non
1261 420 1390 491 iecisset,
1424 430 1454 482 et
1473 419 1511 480 sit
1530 419 1560 479 ei
1584 420 1616 479 in
1634 421 1691 479 hoc
1711 420 1893 479 satisfactum.
1928 417 1959 475 Si
1975 423 2071 474 autem
2089 415 2207 476 inemo
2223 419 2255 479 in
2290 466 2294 491 ,

94 539 120 577 m
138 513 348 576 immunitatem
366 508 471 567 Comici
488 510 606 565 collecta
623 527 709 564 mann
728 507 863 584 quislibet
880 510 1014 566 resistere
1032 507 1201 577 tentaverit,
1220 507 1325 564 Comes
1343 505 1378 562 ad
1396 509 1505 581 Regem
1526 509 1575 563 rel
1590 505 1754 580 Principem
1772 505 1895 574 deierat,
1920 503 2020 579 ibique
2035 501 2192 572 indicetur,
2215 515 2255 577 ut,

94 615 102 661 l
120 604 170 676 ille
188 600 238 677 qui
257 595 437 653 immunitate
452 594 589 650 damnum
607 592 675 649 iecit
691 593 753 651 DC.
771 591 878 651 solidos
897 606 1074 671 componere
1092 588 1210 658 debuit,
1227 590 1268 646 ita
1286 589 1335 666 qui
1353 589 1459 648 comiti
1475 592 1597 648 collecta
1615 607 1703 649 mmo
1715 589 1847 650 resistere
1864 585 2100 665 praesumpserit,
2123 585 2186 653 DC.
2203 603 2257 649 so·

94 682 265 760 lampabilis
284 678 433 734 iudicetur.
947 702 949 707 v

153 769 208 838 De
230 761 385 855 coniugio
407 759 450 852 ad
472 760 652 832 ecclesiam.
697 779 728 836 si
750 778 876 855 qniasd
902 779 1051 838 ecclesiam
1076 778 1242 854 coniugium
1259 779 1375 851 iecerit,
1398 780 1472 838 intra
1494 777 1584 852 ipsius
1603 776 1716 849 atriu)
1732 773 1872 836 ecclesiae
1887 790 1990 850 paoem
2006 771 2133 853 babeat,
2148 787 2205 850 ¹aeu
2219 771 2259 837 sit

94 888 193 930 ecesse
210 865 360 925 ecclesiam
381 862 507 937 ingredi,
527 874 555 919 et
570 868 663 931 nullus
683 882 748 920 erm
768 864 837 921 inde
854 882 907 936 per
923 863 984 920 rim
1003 863 1167 924 abstrahere
1184 877 1363 939 praesumat3
1384 865 1437 927 sed
1449 865 1535 923 liceat
1551 863 1582 922 ei
1597 861 1729 923 saniori
1746 859 1827 940 qnod
1844 860 1929 932 iecit,
1949 867 1979 916 et
1996 856 2068 917 inde
2086 873 2140 932 pu
2155 872 2259 920 w

94 975 174 1016 orum
190 951 339 1010 hominum
358 949 393 1003 ad
412 948 619 1004 discussionem
637 947 667 1003 in
685 946 863 1021 publicnmb)
881 947 1061 1020 producatur.
1253 1008 1257 1019 ,
1700 948 1703 953 ’

94 1063 113 1114 s.
151 1038 206 1107 De
234 1059 275 1104 eo
303 1031 360 1125 qui
385 1030 421 1098 in
448 1030 573 1099 indicio
597 1030 715 1099 iniuste
744 1031 885 1123 aliquem
914 1045 1026 1099 contra
1052 1030 1151 1101 alium
1186 1035 1391 1100 altercantem
1420 1025 1576 1096 adiurare
1592 1023 1858 1121 praesumpserit·
1905 1040 1937 1100 sl
1958 1041 2022 1118 quis
2048 1037 2199 1099 honinem
2225 1037 2260 1099 ia

94 1143 136 1200 cio
148 1141 252 1197 iniuste
270 1147 369 1194 contu
385 1134 471 1188 alium
491 1136 674 1190 altercantem
690 1133 826 1189 adiurare
839 1151 890 1204 per
907 1135 1012 1188 malum
1030 1134 1177 1208 ingenium
1189 1129 1422 1208 praesumpserit,
1441 1140 1526 1206 atque
1543 1128 1613 1186 inde
1629 1144 1730 1186 coram
1746 1124 1891 1184 iudicibus
1902 1128 1953 1183 rai
1967 1123 2082 1186 Canii·
2096 1122 2260 1195 increpem

94 1226 123 1294 it,
143 1232 173 1281 et
189 1236 295 1295 negare
312 1237 372 1275 non
391 1215 534 1290 potuerit,
553 1219 619 1273 XV.
637 1216 738 1273 solidis
759 1215 910 1289 culpabilis
929 1216 1077 1274 iudicetur.

94 1329 113 1384 ς.
150 1307 205 1376 De
233 1329 274 1375 eo
295 1303 353 1395 qui
375 1301 417 1369 de
439 1301 586 1368 libertate
606 1325 664 1368 sua
690 1301 911 1392 interpellatus
940 1300 1081 1392 aliquem
1108 1300 1151 1369 de
1178 1302 1371 1396 propinquis
1392 1300 1459 1370 suis
1480 1296 1648 1372 occiderit.
1691 1316 1721 1374 lii
1740 1314 1804 1392 quis
1826 1315 1863 1371 de
1879 1312 2012 1371 libertate
2032 1331 2083 1371 sua
2100 1311 2189 1369 luerit
2208 1311 2258 1371 in-
2367 1308 2376 1317 ”

94 1412 210 1477 ellatns,
229 1416 259 1463 et
275 1405 388 1472 timens,
410 1419 448 1459 ne
466 1402 497 1455 in
515 1401 662 1458 servitium
675 1402 766 1465 cadat,
780 1401 903 1476 aliquem
922 1400 959 1454 da
976 1402 1233 1477 propinquantis,
1257 1419 1310 1477 per
1328 1419 1412 1478 quens
1428 1418 1461 1460 se
1479 1402 1510 1457 in
1527 1402 1675 1459 servilium
1693 1417 1822 1458 casurum
1847 1398 1946 1467 timet,
1977 1397 2128 1468 occiderit,
2152 1396 2184 1452 id
2206 1406 2274 1468 est,‚

94 1509 143 1550 em
160 1498 208 1546 sut
225 1498 360 1555 matrem,
392 1485 523 1551 amitam,
555 1488 741 1554 matruelem,
766 1488 938 1541 avunculum
955 1488 1002 1542 vel
1026 1487 1182 1561 quamlibet
1205 1486 1368 1549 huiusmodi
1388 1486 1609 1562 propinquitatis
1626 1503 1794 1561 personam,
1817 1486 1879 1560 ipse
1904 1481 1954 1559 qni
1977 1484 2032 1540 hoc
2051 1479 2269 1559 perpetraverit

94 1570 321 1718 hfflssssfflss
339 1571 456 1710 ieqpqdqtt
472 1571 703 1644 consanguinitas
715 1570 747 1626 in
763 1571 928 1628 servitutem
942 1569 1038 1641 cadat,
1059 1581 1089 1628 et
1110 1572 1136 1630 si
1158 1572 1307 1647 negaverit
1332 1589 1364 1630 se
1381 1573 1462 1628 illum
1483 1570 1664 1642 occidisset),
1687 1572 1723 1628 ad
1744 1587 1851 1629 norem
1868 1579 2002 1628 vomeres
2024 1566 2131 1643 ignitos
2150 1563 2258 1623 iudicio
2339 1574 2344 1591 ·

94 1763 114 1818 3,
148 1742 204 1810 Do
227 1738 279 1807 his
303 1738 360 1829 qui
387 1737 432 1805 ad
457 1761 564 1806 caeam
584 1737 651 1807 Dei
676 1764 729 1807 res
751 1763 825 1807 suas
850 1740 980 1809 madere
1007 1739 1180 1810 voluerint
1226 1753 1282 1828 Qui
1312 1771 1358 1811 res
1383 1770 1448 1811 suas
1469 1771 1523 1827 pro
1545 1751 1642 1810 snima
1664 1770 1716 1810 sna
1745 1751 1894 1809 sisaram
1910 1749 1968 1807 nei
1992 1749 2106 1808 tradem
2126 1748 2260 1834 soluerit,

94 1841 311 1920 litraditionem
330 1840 417 1896 faciat
434 1857 531 1895 coram
551 1839 667 1895 testibus
687 1841 837 1914 legitimis,
855 1853 884 1897 et
901 1860 973 1918 quae
987 1843 1124 1898 hactenns
1142 1840 1172 1896 in
1191 1841 1283 1917 hoste·
1297 1839 1389 1894 iactae
1406 1847 1472 1894 sunt
1492 1837 1677 1906 traditiones,
1696 1838 1732 1894 de
1753 1835 1855 1913 quibus
1871 1838 1950 1904 nulla
1970 1847 2012 1894 est
2030 1835 2176 1913 quaestio,
2199 1843 2262 1892 sta·

94 1944 111 1984 a
130 1934 327 2000 permaneant.
362 1923 393 1980 sl
411 1940 481 1981 vero
501 1923 603 1997 uliquis
625 1921 673 1978 alii
692 1941 737 1979 res
757 1942 821 2004 suas
839 1925 988 1980 tradiderit
1004 1935 1033 1980 et
1054 1925 1084 1980 in
1101 1925 1212 1981 hostem
1233 1922 1378 1997 proiectus
1397 1922 1498 1990 inerit,
1521 1931 1550 1978 et
1570 1921 1619 1977 ille
1639 1921 1686 1979 cui
1705 1939 1751 1978 res
1768 1919 1888 1976 traditae
1910 1926 1976 1976 sunt
1995 1919 2110 1976 interim
2132 1929 2261 1977 monuus

94 2011 136 2080 it,
157 2009 274 2086 quires
292 2006 424 2078 tradidit,
453 2025 518 2063 cuns
540 2024 672 2063 reversus
696 2007 798 2078 fuerit,
820 2007 954 2065 adhibitis
969 2008 1094 2076 vrestibus
1120 2026 1217 2066 coram
1241 2004 1345 2084 quibus
1366 2006 1483 2064 traditio
1503 2006 1577 2064 iacta
1596 2016 1652 2076 est,
1680 2023 1727 2064 res
1743 2023 1809 2063 suas
1833 2004 1967 2081 recipials
1986 2006 2014 2063 sl
2035 2014 2131 2065 autem
2151 2011 2182 2061 et
2196 2002 2261 2079 ipse

94 2104 164 2151 tuus
180 2093 286 2161 l'uerit,
301 2092 424 2149 heredes
446 2091 507 2146 eius
523 2090 643 2164 legitimi
661 2110 705 2148 res
726 2091 841 2147 traditas
858 2093 1004 2166 recipiant.

94 2192 117 2251 l.
146 2175 202 2244 De
227 2176 361 2246 homine
389 2175 446 2268 qui
466 2201 528 2268 per
557 2177 700 2244 chartam
718 2176 899 2246 libertatem
921 2192 1111 2247 consecutus
1133 2189 1191 2244 esi.
1238 2191 1268 2247 sl
1286 2192 1349 2267 quis
1367 2210 1419 2264 per
1439 2192 1564 2250 chartam
1586 2190 1768 2268 ingenuitatis
1783 2209 1801 2251 a
1817 2193 1938 2251 domino
1957 2211 2009 2252 sno
2022 2193 2151 2270 legitime
2169 2192 2261 2253 llber-

94 2293 121 2333 m
144 2285 189 2333 est
208 2287 393 2345 consecutus,
420 2274 495 2332 liber
511 2288 686 2350 permaneat.
722 2278 752 2332 si
777 2296 848 2335 vero
870 2281 971 2355 aliquis
992 2299 1058 2337 eum
1074 2280 1180 2335 iniuste
1197 2277 1337 2333 inservire
1355 2277 1523 2347 tentaverit,
1543 2287 1571 2333 et
1592 2277 1642 2333 ille
1664 2277 1790 2334 chartam
1811 2276 1991 2352 ingenuitatis
2008 2297 2076 2336 suae
2095 2280 2262 2351 ostenderit,

94 2359 270 2417 dversarium
292 2358 397 2414 iniuste
413 2375 444 2413 se
467 2359 608 2415 inservire
627 2363 704 2417 selle
721 2360 964 2434 comprobaverit,
985 2365 1033 2419 ille
1056 2363 1105 2438 qui
1127 2364 1183 2418 hoc
1202 2361 1321 2417 tentarit
1340 2363 1458 2418 multam
1475 2378 1549 2436 quae
1565 2361 1597 2417 in
1613 2361 1708 2417 charta
1725 2360 1866 2434 descripta
1882 2371 1926 2417 est
1943 2365 2056 2423 solvere
2081 2374 2212 2437 cogatnr3
2236 2378 2263 2435 sp

94 2462 104 2501 s
121 2445 220 2502 charta
236 2461 299 2499 non
314 2443 449 2517 paruerit,
465 2446 517 2501 sed
536 2445 592 2500 ism
614 2442 650 2500 ab
668 2446 718 2502 illo
742 2446 792 2520 qui
812 2463 878 2502 eum
896 2446 1036 2505 inservire
1055 2448 1178 2504 voluerit
1197 2447 1314 2502 disiecta
1341 2456 1397 2514 est,
1424 2446 1620 2520 widrigildum
1645 2445 1707 2502 eins
1726 2455 1894 2519 componat,
1916 2446 1988 2504 dnas
2004 2458 2097 2521 partes
2112 2447 2156 2506 illi
2174 2464 2262 2526 qoem

94 2526 176 2587 nire
193 2525 333 2595 soluerit,
351 2529 463 2582 tertiam
483 2528 568 2601 liegi3
587 2538 616 2583 et
633 2530 682 2584 ille
700 2529 802 2584 ilerum
818 2546 869 2602 per
884 2542 1067 2603 praeceptum
1086 2531 1171 2604 liegis
1190 2529 1352 2588 libertatem
1369 2548 1449 2588 suam
1464 2533 1623 2606 conquirat
1955 2542 1958 2551 ’

94 2632 116 2689 l.
149 2613 205 2682 De
230 2612 337 2679 libem
364 2611 500 2679 homino
523 2612 581 2703 qui
608 2635 645 2702 ee
671 2615 748 2682 loco
768 2612 870 2682 wadii
896 2613 1039 2682 radidit
1080 2628 1169 2686 Liber
1188 2630 1237 2706 qui
1256 2646 1287 2687 se
1302 2633 1369 2686 loco
1389 2629 1477 2687 aradii
1492 2629 1523 2686 in
1540 2628 1654 2686 alterins
1671 2637 1841 2702 potestatem
1860 2627 2050 2697 commiserit,
2071 2626 2170 2705 ibique
2188 2645 2262 2685 con·

94 2725 148 2771 stm
168 2713 306 2768 damnum
324 2711 441 2786 aliquod
463 2712 581 2769 cuilibet
598 2714 712 2783 lecerit,
730 2714 778 2788 qni
797 2732 861 2770 eum
880 2715 912 2769 in
930 2718 1024 2770 locum
1045 2714 1135 2769 wadii
1153 2714 1277 2786 suscepit
1296 2724 1344 2769 aut
1362 2714 1498 2770 damnum
1520 2717 1628 2780 solvat,
1646 2715 1693 2768 aut
1712 2713 1858 2768 hominem
1875 2713 1906 2768 in
1922 2716 2008 2769 mabo
2025 2712 2196 2787 productam
2214 2713 2264 2768 di·

94 2807 143 2867 at,
162 2795 289 2869 perdens
311 2793 397 2850 simul
416 2794 559 2860 debitum,
582 2808 699 2871 propter
717 2797 795 2872 qnod
818 2815 884 2852 eum
902 2796 935 2853 in
950 2798 1047 2853 eradio
1066 2798 1205 2871 suscepit,
1233 2807 1264 2853 et
1280 2797 1330 2873 qui
1352 2798 1490 2854 damnum
1507 2796 1592 2867 iecit,
1613 2795 1745 2853 dimissus
1767 2800 1848 2852 iuxta
1870 2797 2035 2872 qualitatem
2044 2796 2127 2866 pali)
2146 2806 2264 2872 cogatur

94 2865 201 2947 odiret
224 2877 249 2932 si
267 2894 339 2933 reru
361 2877 481 2934 liberam
503 2880 639 2935 feminam
658 2881 804 2949 hebuerit,
825 2899 913 2950 usqne
936 2882 1005 2937 dum
1023 2881 1053 2937 in
1070 2883 1173 2956 pignus
1189 2882 1329 2952 extiterit,
1348 2893 1376 2938 et
1396 2881 1471 2939 filios
1486 2879 1651 2947 habuerint,
1667 2881 1750 2937 liberi
1767 2890 1964 2956 permaneant.

94 2983 118 3040 9.
154 2963 209 3033 De
230 2961 348 3030 debilis
368 2964 550 3055 regalibus,
573 2967 712 3058 qualiter
734 2966 822 3035 solvi
847 2966 996 3036 debeant.
1041 2984 1147 3041 Omnia
1170 2982 1267 3039 debita
1285 2998 1359 3058 qnae
1381 2981 1416 3038 ad
1434 2991 1542 3055 partem
1560 2980 1642 3054 Regis
1659 2984 1775 3040 solvere
1800 2978 1908 3038 debent
1925 2982 2026 3040 solidis
2044 2985 2110 3041 xil.
2125 2982 2264 3040 deusdo-

94 3069 243 3131 1solrant,
261 3075 384 3139 excepto
404 3067 484 3123 freda
506 3085 579 3143 quaa
599 3069 630 3124 in
644 3071 708 3145 lege
722 3070 816 3126 salica
837 3070 999 3144 conscripta
1015 3080 1099 3140 sunt;
1126 3069 1175 3125 illa
1197 3066 1308 3126 eisdem
1324 3065 1435 3135 solidis,
1460 3064 1563 3142 quibus
1581 3074 1692 3123 ceterae
1708 3064 1934 3139 compositiones
1951 3066 2029 3126 solri
2044 3066 2161 3141 debeat,
2181 3084 2265 3126 com-

94 3159 187 3208 mint.

94 3253 134 3306 lo
169 3230 225 3302 De
251 3257 296 3304 eo
327 3233 385 3326 qui
414 3259 544 3303 causam
576 3234 751 3303 iudicatam
779 3249 929 3329 repetere
955 3233 1146 3329 praesumit.
1189 3249 1220 3305 si
1238 3246 1302 3324 quis
1319 3264 1431 3304 unum
1449 3243 1602 3302 iudicaram
1617 3256 1749 3320 reperere
1764 3245 1985 3320 praesumpserit
1999 3246 2030 3305 in
2045 3249 2146 3320 mallo,
2166 3246 2266 3328 ibique

94 3331 153 3390 ibna
170 3333 316 3394 convictus
335 3335 439 3404 luerit,
456 3346 504 3392 aut
523 3339 590 3393 XV.
608 3337 717 3393 solidos
730 3347 886 3410 componat
904 3348 951 3392 aut
965 3339 1032 3394 XV.
1047 3338 1120 3393 ictus
1138 3336 1174 3391 ab
1189 3331 1347 3401 scabineis,
1366 3331 1414 3407 qui
1434 3328 1551 3403 caesam
1564 3329 1643 3404 prius
1654 3329 1861 3400 iudicaverunt,
1876 3331 2007 3407 accipiat.

94 3437 131 3493 ll.
173 3417 228 3486 De
251 3441 293 3486 eo
321 3418 379 3510 qui
405 3419 440 3487 in
469 3418 688 3488 testimonium
712 3420 901 3504 assumitur,
938 3419 1042 3512 qualis
1075 3443 1147 3488 esse
1175 3417 1302 3486 debeat
1348 3432 1511 3507 optimum)
1534 3430 1655 3509 quisque
1673 3430 1705 3489 in
1722 3448 1796 3507 pigo
1815 3435 1864 3491 rei
1883 3432 2001 3494 cirimte
2017 3431 2050 3494 ia
2067 3433 2265 3499 testimoninm
2372 3474 2378 3487 ,

94 3526 216 3586 amatur,
234 3526 264 3576 et
274 3519 320 3576 cui
333 3520 373 3588 is,
392 3530 492 3577 contra
502 3538 589 3596 quem
607 3520 834 3591 testimoniarel)
846 3522 946 3592 debet,
965 3524 1074 3578 nullum
1088 3521 1197 3577 crimen
1210 3519 1446 3593 possitdicerer).

428 3695 474 3773 V.
527 3698 745 3798 capitulare
771 3707 949 3799 quamam
975 3699 1022 3775 li.
1056 3695 1269 3789 Decem,
1295 3692 1377 3770 sire
1403 3688 1562 3791 delego
1587 3686 1840 3789 mpunense..

94 3824 115 3882 l.
141 3822 189 3880 Ad
208 3823 266 3882 'tic
288 3828 310 3883 l.
346 3825 376 3883 Si
391 3824 531 3901 ingennus
544 3827 698 3902 ingenuum
713 3831 768 3885 ictu
782 3833 965 3902 percusserit,
983 3831 1049 3886 XV.
1068 3825 1170 3884 solidis
1186 3820 1337 3897 culpabilis
1357 3819 1505 3878 iudicetur.
1687 3901 1689 3905 y

94 3925 120 3988 i.
145 3924 192 3981 Ad
211 3926 268 3984 Tit.
287 3933 325 3987 X.
362 3934 457 3988 iiomo
470 3932 573 4007 regios,
586 3933 616 3990 id
630 3946 672 3991 est
687 3934 846 4001 fiscalinus.
867 3947 895 3993 et
907 3934 1116 3993 ecclesiasticus
1129 3935 1178 3991 rel
1192 3931 1265 3987 lidus
1280 3928 1452 3991 interlectos,
1465 3923 1498 3981 C·
1512 3920 1612 3979 solidis
1623 3929 1820 3995 componatur·

94 4028 112 4086 l.
138 4028 184 4084 Ad
204 4027 262 4086 Tit.
278 4035 372 4088 xxll.
408 4037 504 4090 llomo
524 4035 665 4110 ingenuus
684 4037 732 4113 qui
750 4041 866 4093 multam
886 4037 1044 4113 quamlibet
1062 4038 1177 4091 solvere
1190 4051 1251 4090 non
1267 4031 1393 4106 potuerit
1410 4041 1437 4085 et
1453 4026 1634 4084 fideiussores
1646 4041 1706 4081 aon
1719 4021 1865 4094 babuerit,
1881 4020 1966 4108 liceat
1978 4020 2108 4084 aisemet
2122 4025 2216 4100 ipsum
2230 4029 2264 4089 la
2306 4028 2309 4033 ’

94 4110 162 4168 lium
179 4111 221 4182 ei,
240 4113 285 4169 cui
298 4113 412 4172 debitor
421 4127 476 4184 est,
496 4119 621 4187 mittere,
641 4121 816 4195 usquedum
836 4125 954 4180 molum
974 4140 1061 4196 quam
1076 4119 1176 4175 debuit
1197 4121 1353 4193 persolrat.
1388 4121 1458 4172 llam
1472 4114 1502 4169 in
1521 4112 1624 4169 eodem
1638 4110 1772 4185 capitulo,
1791 4091 1834 4162 de
1848 4105 1988 4162 sonalat
2005 4120 2055 4166 aut
2074 4111 2134 4170 DC.
2154 4114 2265 4172 solidos

93 4205 255 4337 smol
270 4216 335 4255 cum
350 4206 415 4259 xil.
430 4202 519 4271 iuret,
540 4212 588 4258 aut
602 4204 626 4260 si
641 4205 690 4258 ille
704 4205 753 4280 qni
767 4222 880 4261 causam
893 4207 1004 4279 quaerit
1014 4211 1081 4265 xli.
1093 4206 1242 4262 hominum
1257 4211 1434 4260 sacramenta
1445 4199 1572 4274 recipere
1583 4195 1718 4266 adnant,
1731 4205 1778 4252 aut
1791 4211 1875 4254 cruce
1885 4204 1934 4253 aot
1943 4203 2023 4253 snio
2034 4202 2064 4251 ei
2074 4193 2149 4257 feste
2162 4212 2264 4256 centn

94 4299 101 4337 t
232 4291 251 4340 i.

94 4384 111 4439 i.
154 4382 200 4438 ad
219 4382 277 4442 Tit.
294 4387 363 4439 xx.
399 4381 515 4439 liernini
537 4381 624 4439 liceat
640 4400 754 4440 serrum
770 4400 852 4439 suurn
875 4394 993 4457 propter
1012 4383 1150 4443 damnum
1167 4384 1270 4443 abillo
1283 4380 1400 4447 cuilibet
1420 4381 1538 4437 inlatum
1558 4375 1715 4448 dimittere,
1737 4376 1789 4436 ssd
1804 4377 1888 4436 iuxta
1904 4377 2070 4455 qualitatem
2088 4379 2187 4441 ianas
2203 4377 2267 4447 doJ

94 4480 131 4523 uas
144 4481 198 4538 pro
213 4465 264 4523 illo
276 4467 459 4539 respondeat,
472 4470 519 4523 rel
533 4483 598 4522 eum
611 4467 896 4540 incompositionem
911 4470 1007 4526 autad
1020 4469 1273 4545 poenampetitori
1287 4469 1396 4525 oderat.
1430 4465 1461 4521 Bi
1479 4473 1573 4522 antem
1591 4478 1690 4520 ursos
1707 4473 1870 4538 perpetrato
1884 4466 1994 4522 sedere
2005 4465 2124 4539 ingerit,
2141 4468 2180 4526 ita
2196 4480 2262 4530 ata

94 4548 281 4688 sinodpleniqurs
293 4551 418 4688 {qrenbi
434 4568 493 4605 non
507 4551 609 4624 possit,
630 4565 812 4610 sacramento
824 4572 857 4610 se
874 4556 1008 4614 dominus
1021 4557 1082 4613 eius
1095 4573 1232 4614 moneare
1244 4555 1372 4623 stodeat,
1389 4549 1467 4633 qood
1479 4549 1535 4606 boc
1546 4563 1614 4607 sose
1625 4547 1779 4606 voluntatis
1790 4563 1845 4605 neo
1855 4546 2049 4605 marmandae
2061 4547 2169 4622 laba«,
2180 4554 2260 4631 qaod

94 4649 135 4689 ms
196 4649 210 4689 s
225 4641 235 4687 t
265 4649 282 4688 e
325 4651 404 4689 cinus
417 4634 569 4690 commisit.

94 4734 113 4792 i.
138 4732 184 4790 ad
202 4733 258 4788 Tit.
278 4738 414 4792 xxxlll.
452 4734 481 4789 iii
495 4734 557 4809 quis
575 4733 610 4789 ad
629 4735 746 4790 mallum
765 4732 876 4807 legibus
888 4732 1022 4790 bannitus
1033 4733 1118 4789 irretit
1129 4743 1157 4789 et
1173 4749 1233 4791 non
1252 4733 1378 4802 renerit,
1395 4730 1421 4789 si
1439 4747 1506 4788 asra
1524 4727 1624 4787 manis
1642 4744 1702 4783 noo
1720 4726 1889 4794 detinuerit,
1906 4725 1975 4782 XV·
1991 4722 2092 4783 solidis
2109 4725 2261 4801 asupabllls

94 4827 190 4885 cetur,
208 4816 250 4871 sic
264 4816 299 4872 ad
314 4817 471 4874 secundam
486 4828 514 4874 et
527 4819 648 4875 tertiam.
684 4819 714 4875 lii
727 4828 821 4874 autem
834 4818 870 4874 ad
883 4829 1012 4896 quartam
1027 4819 1128 4877 reuire
1140 4818 1360 4893 contempserit,
1378 4815 1523 4893 possesne
1538 4814 1599 4871 eins
1611 4813 1641 4868 io
1653 4810 1781 4868 bannum
1791 4809 1933 4880 mittatar,
1949 4808 2045 4867 denes
2058 4810 2159 4869 raalai
2174 4821 2204 4872 et
2220 4814 2260 4877 de

101 4971 135 5038 ⁸)
153 4967 245 5026 Codd.
261 4968 376 5044 quidam
389 4970 495 5028 habent
508 4974 536 5027 iu
550 4974 624 5027 atrio
637 4974 736 5048 ipsius.
838 4972 874 5040 a)
894 4973 974 5030 Alias
986 4975 1014 5028 in
1026 4973 1144 5052 publico
1157 4977 1204 5029 rel
1215 4973 1342 5048 publice.
1444 4972 1475 5038 ⁶)
1494 4967 1585 5028 Codd.
1600 4966 1718 5024 Vatic.
1737 4977 1766 5022 et
1782 4965 1863 5023 liet.
1883 4962 1991 5020 addunt
2002 4960 2051 5018 vel
2064 4957 2258 5020 sium.

94 5052 147 5108 dd.
159 5054 221 5108 iere
239 5071 339 5111 omues
355 5053 463 5111 habent
483 5059 558 5130 regis
575 5067 622 5112 ant
636 5059 714 5130 regi,
739 5055 790 5112 sed
808 5075 968 5130 perperam.
1071 5061 1099 5126 ⁰)
1120 5061 1216 5114 ilures
1229 5056 1330 5126 coel.
1339 5056 1439 5136 optimi
1456 5062 1511 5120 cic.
1600 5049 1629 5124 Ι)
1655 5048 1747 5111 cedd·
1759 5049 1891 5110 Pictas·
1910 5056 1939 5107 et
1954 5043 2070 5124 bigot·
2087 5040 2255 5112 '‘iimm-

93 5140 124 5198 d.
139 5139 226 5217 ¹8¹·
244 5139 325 5199 addit
340 5140 388 5199 uei
397 5143 566 5222 impingere,
587 5143 659 5202 cod.
673 5142 787 5202 Vatic-
800 5139 887 5200 babet
897 5138 1023 5202 incidm
1036 5137 1069 5198 id
1079 5142 1293 5222 estimpingrrr.
1785 5222 1838 5305 ⁴³
