4808 5686
277 304 772 394 tuxsannxocncrmr.
1045 331 1549 391 nrxsnmxconrrcric.
1808 294 2163 394 insanorum.
2183 326 2302 394 rmrs.

172 558 219 624 sic
246 580 321 622 eum
347 580 408 647 per
434 555 493 623 ΠΙ.
519 557 633 622 mallus
662 552 704 619 ad
734 576 793 618 sua
823 551 888 619 fide
915 534 1012 616 ss'eun
1038 574 1099 641 per
1125 566 1264 640 quatuor
1289 552 1406 623 mallos
1431 552 1473 619 nd
1501 575 1592 618 suam
1612 548 1652 616 fi·
1700 548 1772 643 ipse
1792 551 1956 637 hahuerit,
1988 553 2075 621 unde
2102 568 2170 623 tota
2196 556 2272 646 iege
2291 560 2393 649 perrel

172 658 279 738 tollat3
303 670 334 722 et
354 656 383 722 si
405 679 445 723 eo
467 655 501 721 in
522 653 787 746 conposicionem
802 656 889 718 nulla
914 628 917 705 i
937 651 1012 718 dem
1032 654 1162 737 tollant3
1190 668 1223 721 et
1249 653 1278 721 si
1301 678 1376 721 eum
1396 653 1431 719 in
1452 649 1653 744 conpositio-
1701 664 1771 737 vat,
1799 666 1875 720 tnnc
1900 654 1992 721 illum
2021 655 2078 746 qui
2097 654 2316 724 homicidium
2330 656 2403 744 ferit,

173 780 192 822 a
213 755 278 823 fide
297 760 463 840 tollerent,
484 758 548 824 hoc
570 769 628 838 est,
649 769 684 821 ut
705 779 781 820 eum
800 753 890 820 redi·
914 736 1014 817 'netu
1034 755 1139 819 nullus
1167 755 1209 821 ad
1230 754 1329 822 fidem
1348 756 1480 837 tollere,
1506 755 1570 821 hoc
1592 765 1670 835 est,
1702 752 1759 847 qui
1779 778 1855 823 eum
1875 755 1936 824 sub
1955 778 2015 824 sua
2034 755 2100 825 tide
2119 755 2234 843 hahet,
2263 756 2302 825 iu
2330 794 2360 817 ιι,
2377 772 2398 819 t.

171 870 238 922 mat
258 855 364 947 deque
383 880 450 925 non
468 856 568 940 solsit,
590 855 704 923 desua
716 854 783 925 vita
799 878 886 923 com·
936 864 972 916 ut
993 874 1073 919 eum·
1088 854 1233 923 redemat
1253 857 1295 924 de
1316 858 1380 925 hoc
1393 854 1482 948 quod
1494 877 1562 925 non
1574 878 1652 947 per
1701 870 1905 947 praesentare
1934 856 2046 942 debet,
2082 870 2115 924 et
2140 856 2189 925 sic
2215 872 2331 951 postca
2354 884 2403 955 per

172 969 281 1048 ponat
937 952 1044 1040 solsit,
1066 955 1108 1022 de
1128 956 1196 1026 vita
1216 972 1388 1052 conponat.
1701 972 1839 1048 quatuor
1864 960 1979 1028 mallos
2004 958 2047 1025 ad
2071 983 2163 1027 suam
2188 958 2291 1029 fidem
2308 962 2403 1046 tclht3

1701 1072 1733 1126 et
1761 1057 1789 1126 si
1816 1084 1891 1128 eum
1917 1060 1954 1127 in
1984 1058 2211 1153 conpositione
2237 1064 2343 1141 nullm
2368 1063 2403 1133 d

1699 1161 1797 1228 fidem
1823 1160 1959 1236 tullerit,
1995 1161 2060 1227 hoc
2084 1173 2147 1245 cst,
2175 1174 2213 1229 ut
2233 1186 2310 1233 curn
2325 1160 2403 1235 red·

1698 1275 1786 1329 mant
1815 1261 1858 1327 de
1887 1260 1978 1351 quod
2003 1284 2071 1331 non
2097 1262 2310 1355 persolverit,
2335 1262 2399 1337 cin

1698 1364 1740 1432 de
1761 1362 1827 1433 vita
1848 1376 2018 1455 conponat.

304 2190 439 2276 'cxi
492 2202 720 2282 oenone.
841 2160 846 2167 ’
1048 2210 1250 2286 rreum.
1300 2212 1520 2297 cenom.
1848 2225 1969 2304 xcrr.
2019 2198 2248 2309 Dentatis

212 2365 249 2435 Si
270 2367 342 2456 quis
362 2381 507 2434 mortuus
534 2366 640 2435 fueret
669 2386 702 2438 et
727 2372 795 2440 filio
816 2397 882 2443 non
972 2382 1002 2454 5.
1022 2379 1050 2444 1.
1083 2375 1118 2445 δί
1141 2374 1213 2465 quis
1233 2391 1379 2447 mortuus
1402 2379 1500 2449 fcerit
1513 2398 1545 2450 et
1558 2380 1643 2452 filios
1735 2399 1766 2471 ς.
1790 2391 1819 2459 1.
1849 2389 1885 2459 δί
1906 2392 1978 2483 quis
1995 2408 2141 2464 mortuus
2160 2392 2309 2467 sueritst
2322 2395 2395 2487 ilict

170 2465 358 2548 demiseret,
395 2467 424 2533 si
456 2481 559 2535 matre
589 2494 655 2537 sua·
674 2473 878 2564 superfuiret,
906 2500 995 2557 tnon
1018 2476 1190 2560 dimiserit,
1218 2478 1246 2543 si
1268 2493 1370 2547 mater
1390 2507 1448 2550 sua
1473 2482 1644 2576 supersue—
1694 2516 1761 2561 non
1783 2492 1964 2579 demiserit,
1990 2494 2020 2563 si
2042 2509 2135 2587 puter
2153 2508 2211 2563 aut
2230 2510 2335 2565 mater
2349 2520 2395 2597 tu·

168 2565 246 2633 inde
266 2566 476 2634 hereditatem
498 2569 644 2660 accipiat.
906 2562 985 2659 'rit‚
1017 2574 1089 2665 ipsa
1108 2576 1143 2642 in
1163 2577 1341 2645 hereditate
1361 2583 1520 2651 succedat.
1693 2594 1859 2684 perfuerit,
1879 2594 1944 2689 ipsi
1964 2594 1999 2663 in
2019 2590 2198 2665 hereditate
2219 2594 2394 2667 ensem

169 2764 205 2831 st
225 2779 327 2832 mater
346 2789 414 2834 non
430 2766 537 2850 firiret,
561 2782 593 2834 et
605 2767 705 2838 frater
721 2772 881 2843 remansi·
971 2778 1001 2850 θ.
1022 2778 1056 2841 2.
1089 2772 1127 2842 si
1153 2789 1258 2845 mater
1285 2802 1351 2847 non
1374 2780 1488 2867 fuerit,
1515 2797 1548 2851 et
1575 2784 1644 2854 fre-
1736 2806 1766 2876 §.
1786 2801 1819 2864 2.
1847 2795 1885 2866 Si
1903 2811 1996 2889 pater
2016 2811 2072 2864 aut
2088 2810 2195 2867 muter
2213 2820 2286 2869 nou
2301 2794 2394 2879 sunit.

168 2880 233 2947 ret,
255 2865 319 2957 ipsi
337 2867 568 2937 haereditatem
588 2871 752 2940 accedant.
927 2886 1011 2940 cem
1033 2887 1065 2940 et
1085 2897 1233 2943 sororem
1255 2877 1423 2967 dimiserit,
1443 2882 1508 2975 ipsi
1527 2884 1564 2952 in
1583 2888 1644 2955 hs·
1692 2896 1722 2965 si
1741 2898 1857 2965 fratres
1883 2911 1938 2965 aut
1964 2920 2094 2967 sorores
2121 2898 2318 2987 dmunru,
2339 2892 2393 2995 ’ῃ

927 2973 1096 3041 reditatem
1118 2976 1299 3045 succedant.
1692 2998 1726 3066 in
1743 2999 1921 3067 hereditate
1943 2999 2131 3070 succedunt.

166 3064 204 3134 si
224 3064 285 3131 ista
304 3090 371 3134 non
398 3066 534 3154 fuerint,
562 3083 638 3138 tunc
659 3072 781 3143 soron‘s
810 3098 880 3145 ma.
969 3081 998 3151 5.
1020 3076 1051 3141 3.
1081 3076 1117 3146 Si
1137 3076 1191 3143 isti
1211 3100 1278 3145 non
1299 3078 1435 3164 fuerint,
1457 3096 1533 3153 tunc
1546 3108 1642 3157 soror
1734 3108 1764 3178 ἦ.
1785 3104 1815 3168 3.
1843 3100 1882 3171 si
1905 3123 1986 3168 vero
2005 3099 2059 3168 isti
2078 3122 2148 3169 nou
2165 3098 2391 3187 inermum

166 3163 224 3231 tris
244 3163 279 3231 in
300 3166 515 3253 haereditate,
926 3173 1038 3242 matris
1058 3174 1093 3243 in
1113 3177 1325 3248 hereditatem
1343 3181 1502 3250 succedat.
1690 3225 1821 3272 nomme
1841 3198 1952 3268 matris
1970 3197 2006 3266 in
2021 3200 2201 3271 hereditate
2212 3194 2390 3281 mccdflt

164 3678 196 3731 et
226 3661 305 3731 inde
330 3662 394 3732 illis
419 3669 686 3759 generacionibus
715 3694 878 3761 quaecun-
967 3680 997 3750 5.
1021 3675 1054 3739 4.
1089 3672 1132 3739 Et
1157 3674 1186 3742 si
1214 3676 1257 3744 de
1282 3678 1347 3748 illis
1374 3686 1636 3773 generationibus
1687 3717 1720 3771 et
1745 3720 1859 3795 postea
1882 3705 1925 3775 de

85 3828 91 3837 ,
163 3788 227 3853 que
247 3765 431 3855 proximior
457 3769 570 3855 iniret,
597 3770 645 3838 illi
665 3772 876 3841 hereditatem
923 3771 1106 3863 quicunque
1126 3774 1224 3841 fuerit
1244 3782 1435 3871 proximior,
1456 3785 1512 3854 itte
1532 3790 1637 3860 inhe-

162 3864 316 3931 succidat.
922 3871 1092 3940 ruditatem
1112 3876 1273 3947 succedat.

1952 3708 2017 3778 iltis
2041 3712 2310 3803 generationibus
2327 3712 2388 3807 φῖ·

1686 3827 1813 3896 cunque
1840 3809 2058 3900 proximiores
2083 3828 2174 3898 sunt,
2202 3814 2271 3907 ipsi
2288 3814 2324 3885 iu
2338 3814 2387 3885 ΙΙ-

1683 3905 1819 3974 reditate
1839 3912 2023 4001 succedant,
2042 3914 2099 4006 qui
2116 3941 2160 3985 ex
2175 3930 2272 4009 purte
2281 3940 2390 4015 gu

160 4063 214 4131 De
235 4078 320 4131 terra
349 4088 431 4133 vero
458 4063 514 4133 illa
542 4068 633 4159 quod
658 4071 793 4141 muliere
815 4076 874 4143 he-
963 4080 993 4152 i·
1015 4080 1046 4142 5·
1075 4072 1130 4142 De
1149 4090 1234 4148 terra
1255 4106 1336 4152 vero
1355 4087 1443 4154 nulla
1462 4088 1499 4158 in
1518 4094 1634 4162 mulie·
1683 4021 1843 4174 §indii-a
1862 4132 1944 4178 vero
1965 4078 2070 4180 Salica
2089 4112 2179 4183 nullu
2198 4113 2235 4183 iu
2255 4116 2389 4189 unffi

159 4163 280 4230 reditas
298 4179 363 4247 est,
385 4165 445 4233 sed
465 4167 507 4233 ad
534 4192 616 4238 vero
638 4195 746 4267 exugu
772 4173 873 4246 irater
918 4198 990 4243 rem
1016 4176 1125 4269 portio
1153 4194 1209 4247 aut
1233 4183 1396 4256 hereditas
1415 4205 1481 4275 est,
1507 4192 1567 4261 sed
1589 4196 1632 4265 ad
1680 4206 1867 4276 hereditatis
1893 4222 2032 4278 mannent
2051 4212 2178 4303 portio,
2206 4216 2270 4287 sed
2285 4216 2329 4287 nd
2344 4216 2389 4289 ri·

158 4263 263 4333 fueret
282 4279 350 4333 totu
370 4281 456 4335 terra
475 4269 664 4360 permaniat.
917 4274 1013 4344 virile
1032 4302 1147 4349 sexum
1168 4281 1225 4375 qui
1244 4280 1365 4355 fuerint
1383 4302 1450 4360 tota
1470 4304 1539 4363 tera
1551 4320 1630 4388 pcr-
1678 4308 1740 4377 n‘le
1759 4333 1856 4377 serm
1875 4323 1943 4378 tota
1962 4322 2048 4379 terra
2066 4314 2205 4407 propria
2225 4318 2321 4391 ctu&
2337 4340 2388 4389 u

916 4390 1032 4450 teneat.
1580 4414 1585 4421 '
1677 4408 1878 4502 possideant.

1652 4786 1661 4846 t

158 4932 548 4949 *nm—0¹⁸*

257 5007 283 5076 ¹)
307 5010 384 5066 Gtcs.
396 5007 496 5108 Lind.
510 5008 647 5109 allodium
660 5015 679 5074 i.
690 5032 714 5072 e.
725 5017 895 5092 praedium
913 5026 1049 5085 cundiam
1062 5028 1168 5088 dicitur
1181 5033 1336 5108 hereditas,
1353 5056 1444 5118 quam
1454 5043 1576 5105 umdm
1588 5048 1637 5107 uel
1648 5048 1757 5111 duwe
1766 5068 1898 5131 possum,
1917 5064 1948 5111 ut
1962 5072 2028 5113 meo
2040 5063 2175 5136 propriu.
2267 5070 2295 5141 Ξ)
2316 5070 2385 5127 cleu

150 5090 303 5148 Floreat.
321 5101 399 5148 terra
411 5094 527 5164 Sotira,
545 5094 668 5156 sectans
704 5103 782 5161 Glos.
796 5115 853 5164 vet.
870 5112 974 5181 curtis,
990 5112 1116 5185 retehcff.
1135 5121 1209 5182 Ere.
