4808 5686
151 194 223 266 118

252 378 427 441 sax-'anu
446 374 498 435 ax
517 381 602 437 con.
623 380 754 434 ovans.
1009 377 1092 430 unx
1110 370 1187 427 ssu.
1207 372 1259 426 nx
1277 370 1362 429 con.
1382 368 1527 428 nauso.
1799 362 1876 416 anx
1892 356 1972 416 san.
1990 350 2043 414 nx
2060 344 2145 414 cotta
2163 352 2281 413 rasta

86 1881 89 1886 '
180 1820 322 1939 atum.
372 1860 429 1931 lle
455 1855 644 1929 Foltortns
670 1853 846 1953 carilego
943 1853 1022 1928 Tit.
1046 1848 1202 1926 XLVII.
1254 1848 1314 1925 Do
1336 1847 1517 1923 Filtortus
1541 1849 1609 1949 qui
1679 1796 1685 1805 Ι
1781 1846 1981 1925 LXXXII.
2024 1794 2091 1923 De
2116 1846 2296 1931 Filtcrto.

191 1995 194 2003 ·
365 1958 493 2034 Salios
519 1956 663 2031 vivont
880 1948 884 1955 ’
1027 1953 1176 2053 Legem
1200 1948 1368 2026 Salicum
1387 1950 1532 2027 vivont.
2152 1964 2157 1970 ·

207 2191 350 2282 ·Si·,qnis
371 2210 502 2255 servum
529 2200 583 2252 aut
608 2185 738 2270 ancilla,
765 2185 873 2252 cabal-
949 2252 951 2256 ,
988 2183 1028 2255 Si
1053 2183 1126 2275 quis
1152 2206 1283 2252 servum
1309 2196 1365 2249 aut
1391 2182 1555 2270 ancillam,
1578 2207 1634 2253 ca·
1751 2182 1789 2254 si
1815 2182 1902 2276 ‘quis
1943 2186 2018 2276 legs
2052 2182 2160 2254 Salina
2193 2178 2294 2268 vivit,
2327 2204 2386 2251 sc-

154 2302 223 2367 lum
241 2295 296 2361 vel
325 2288 502 2381 quemlibet
533 2313 603 2355 rem
630 2310 704 2354 cum
737 2288 873 2354 alterum
917 2289 1040 2356 vallum
1065 2300 1119 2352 aut
1145 2287 1281 2370 bovem,
1310 2288 1365 2354 vel
1389 2286 1558 2376 quodlibet
1575 2311 1636 2378 pe-
1680 2298 1825 2354 vumaut
1845 2284 2004 2370 ancillam,
2027 2278 2387 2366 caballumvslboisn,

156 2391 336 2490 agnoverit,
356 2389 460 2457 mittat
480 2415 554 2481 eum
573 2388 606 2456 in
624 2387 717 2456 tertia
729 2402 871 2473 manum',
898 2411 976 2487 gons
989 2395 1064 2454 cu'm
1084 2389 1220 2453 alterum
1236 2387 1436 2478 cognoverit,
1457 2387 1548 2455 mitat
1560 2413 1635 2454 eum
1679 2390 1733 2454 vel
1761 2386 1936 2476 quemlibet
1960 2410 2031 2454 rem
2057 2410 2158 2478 sapor
2180 2388 2319 2455 altorum
2336 2406 2387 2476 ag·

156 2515 188 2568 et
210 2499 281 2576 ills,
310 2490 403 2582 ‚quod
426 2515 523 2580 quem
544 2489 744 2580 agnuscitur,
774 2490 873 2556 debet
899 2510 979 2580 ,per
996 2487 1124 2555 tertiam
1143 2510 1255 2570 manu,
1289 2502 1320 2555 et
1341 2489 1414 2572 ille,
1440 2504 1517 2581 aput
1537 2514 1634 2579 quem
1680 2488 1824 2571 noverit,
1845 2486 2044 2555 mittatsum
2063 2486 2099 2554 in
2118 2486 2214 2556 tortia
2234 2508 2347 2570 mnu,
2360 2497 2390 2553 d

155 2595 332 2689 agramire3
365 2605 403 2657 et·
417 2591 445 2656 si
465 2591 549 2657 iutra
569 2590 695 2681 begere
715 2606 769 2657 aut
791 2591 872 2659 Car-
898 2586 901 2669 Ξ
921 2588 1123 2679 agnoscitur,
1144 2586 1242 2653 debet
1260 2589 1304 2655 ad
1324 2589 1491 2657 hominem
1511 2589 1576 2669 ire3
1605 2603 1639 2656 et
1682 2589 1753 2671 ille,
1773 2612 1872 2680 super
1890 2613 1988 2679 quem
2010 2587 2207 2680 agnoscitur,
2229 2587 2268 2655 in
2288 2598 2389 2657 noth

155 2696 288 2767 bonaria
318 2693 415 2758 ainbo
448 2705 593 2773 manent,
631 2689 688 2780 qui
715 2689 870 2781 agnoscit,
922 2689 952 2756 si
973 2690 1052 2756 citra
1072 2711 1161 2754 mars
1180 2702 1234 2754 aut
1254 2690 1443 2777 carbonaria
1458 2692 1556 2758 ambo
1567 2713 1637 2779 ma·
1683 2689 1756 2756 XL.
1778 2690 1932 2781 placitum
1950 2689 2084 2772 saciant3
2114 2702 2147 2756 st
2168 2687 2209 2756 in
2232 2686 2314 2781 ipso
2330 2688 2391 2781 ph-

156 2792 187 2869 et
208 2789 281 2864 cnm
319 2816 392 2858 uem
405 2791 607 2883 agnoscitur,
627 2790 663 2857 in
676 2791 780 2859 noctis
795 2789 870 2859 XL.
923 2804 1015 2873 nent,
1044 2804 1076 2857 et
1096 2789 1153 2879 qui
1174 2806 1340 2880 agnoscet,
1363 2805 1440 2884 aput
1460 2816 1557 2882 quom
1579 2816 1637 2882 ag·
1685 2791 1766 2875 cito,
1789 2792 1899 2882 quanti
1920 2791 2051 2876 fuerint,
2072 2789 2130 2883 qui
2148 2813 2222 2858 rom
2238 2788 2392 2871 viden,

155 2879 315 2994 uliiifiim,
335 2892 469 2975 saciant3
506 2907 538 2960 et
568 2891 676 2984 ipsum
706 2892 869 2983 placitum,
923 2891 1084 2974 noscitur,
1111 2890 1146 2955 in
1174 2906 1285 2959 noctes
1306 2893 1379 2961 XL.
1407 2893 1559 2985 placitum
1588 2892 1638 2959 sa·
1685 2896 1738 2962 vol
1759 2887 1986 2977 camiaverunt,
2009 2905 2062 2959 ant
2089 2890 2231 2976 formu,
2252 2888 2393 2961 both·

156 2992 265 3093 quanti
287 2995 418 3078 fixerint,
439 2993 495 3086 qui
517 2994 675 3060 caballum
695 2993 803 3084 ipsum
817 3006 871 3059 aut
923 2992 1024 3072 siant,
1047 2991 1123 3056 etin
1136 2990 1209 3080 ipso
1230 2992 1360 3081 placito,
1382 2995 1493 3083 quanti
1506 2993 1635 3077 fuerint,
1685 2994 1966 3077 commoveantur,
1986 2995 2051 3061 hoo
2069 3007 2134 3076 est,
2155 3007 2192 3059 nt
2209 3014 2295 3059 unas
2312 2987 2394 3083 φὺ-

155 3098 371 3178 vindederint,
392 3108 445 3162 aut
465 3094 715 3175 cambiaverunt,
736 3107 790 3159 aut
802 3091 873 3160 soa
924 3091 981 3182 qui
1000 3116 1070 3158 rem
1088 3090 1192 3181 ipsam
1213 3092 1446 3176 vendiderunt,
1473 3109 1528 3160 aut
1549 3117 1638 3160 cam·
1687 3120 1750 3185 que
1771 3095 1814 3162 de
1834 3096 2072 3186 negotiantibus
2091 3094 2158 3162 suis
2176 3090 2394 3169 wanuh

156 3219 241 3269 tasse
267 3198 301 3264 in
329 3195 535 3264 solitudinem
565 3193 732 3277 dedirunt,
760 3194 869 3261 omnia
923 3191 1098 3281 piaverint,
1120 3205 1174 3256 aut
1190 3189 1326 3258 sortasse
1346 3193 1559 3264 iussolutione
1580 3195 1638 3261 ds-
1687 3212 1929 3277 commoveant3
1953 3210 1985 3264 et
2012 3195 2042 3263 si
2069 3195 2275 3269 conmonitns
2294 3190 2397 3279 ω.

155 3304 240 3370 intra
252 3294 404 3391 placitum
419 3310 502 3360 stum
517 3308 790 3372 commoneantur,
808 3294 872 3361 boc
925 3291 1054 3372 derunt,
1077 3315 1190 3359 omnes
1209 3291 1292 3358 intra
1312 3293 1465 3384 placitum
1487 3294 1585 3381 istum
1606 3310 1639 3362 et
1687 3311 1719 3363 et
1747 3323 1820 3364 eum
1841 3296 1964 3363 somnis
1984 3321 2052 3366 non
2078 3296 2277 3384 detonuerit,
2306 3291 2397 3367 nd

158 3419 223 3484 est,
259 3395 479 3491 unusqqisque
509 3418 580 3461 cum
609 3393 872 3484 negociatoribus
925 3392 1219 3472 communicantur,
1248 3393 1312 3461 hoc
1333 3409 1396 3478 est,
1418 3394 1638 3487 unusquisque
1687 3398 1839 3490 placitum
1872 3399 1984 3467 venire
2020 3398 2196 3485 distulerit,
2238 3398 2316 3485 ilis,
2344 3393 2397 3491 ιμ’

99 3586 100 3590 ¹
159 3501 388 3570 alteralterum
408 3494 588 3574 admoniat3
611 3495 683 3562 etsi
696 3495 768 3585 quis
781 3519 873 3564 com·
926 3517 1001 3560 cum
1030 3493 1285 3583 negotiatoribus
1323 3495 1390 3562 suis
1424 3497 1639 3565 communitus
1687 3524 1761 3567 cum
1782 3523 1823 3567 eo
1849 3482 2047 3589 negotiatur',
2074 3499 2178 3567 mittat
2204 3516 2274 3571 troe
2295 3512 2397 3581 tm,

158 3601 301 3674 monitus
319 3596 435 3678 fuerit,
458 3610 489 3663 et
507 3601 619 3663 sunnis
639 3620 705 3664 non
725 3597 871 3680 tenuerit,
926 3593 1039 3675 suerit,
1068 3590 1099 3660 et
1129 3619 1204 3660 eum
1232 3595 1341 3660 sttnnis
1363 3619 1429 3662 non
1449 3597 1638 3680 detenuerit,
1688 3598 1854 3690 quomodo
1876 3598 1906 3666 ei
1928 3598 2113 3681 nuntiasset,
2136 3615 2171 3667 ut
2191 3601 2235 3668 ad
2251 3600 2399 3695 placit-

159 3721 190 3775 et
212 3697 433 3795 adplaoititm
459 3696 572 3763 venire
593 3696 768 3778 distulerit,
796 3713 873 3765 tuno
928 3710 960 3761 et
986 3695 1029 3759 ad
1057 3693 1209 3784 placitum
1228 3694 1341 3762 venire
1370 3696 1544 3780 distulerit,
1572 3697 1638 3779 ille,
1687 3701 1799 3769 venue
1819 3700 1998 3784 debuisset,
2025 3715 2059 3768 et
2076 3703 2195 3771 adteros
2211 3716 2398 3787 trum,

159 3808 231 3888 ille,
257 3801 313 3894 qui
335 3821 501 3866 cumeum
521 3796 750 3888 neguciaverit,
773 3798 875 3864 mittat
928 3793 1070 3884 quicum
1084 3818 1125 3861 eo
1138 3794 1323 3882 negotiavit,
1342 3796 1445 3862 mittat
1458 3812 1553 3863 testes
1567 3798 1638 3879 ΙΙΙ.,
1688 3801 1769 3892 quid
1802 3800 1931 3892 publice
1965 3802 2053 3893 apud
2087 3826 2162 3868 eum
2197 3803 2399 3896 mgni-st.

159 3906 220 3977 III.
241 3901 347 3982 testis,
380 3898 547 3988 quomodo
569 3898 600 3964 ei
621 3896 819 3981 nonciassit,
839 3914 874 3966 ut
928 3894 1094 3984 quomodo
1122 3893 1153 3959 ei
1174 3894 1372 3979 nunciasset,
1400 3911 1431 3963 et
1451 3912 1487 3963 ut
1507 3897 1549 3964 ad
1570 3901 1636 3987 pln-
1687 3903 1776 3970 Istud
1793 3902 1821 3968 si
1834 3902 1957 3986 fecerit,
1979 3903 2080 3970 exivit
2099 3925 2134 3969 so
2154 3901 2197 3973 de
2212 3904 2400 3987 latroniu'oa

160 4010 197 4078 in
215 4003 369 4097 placitum
381 3999 520 4080 venerit,
542 3999 673 4066 alterius
689 4014 762 4081 tres,
785 4001 874 4088 quod
928 3996 1025 4079 citum
1052 4019 1145 4060 suurn
1173 3995 1313 4079 veniret,
1350 4012 1382 4063 et
1413 3999 1530 4065 alteros
1562 3998 1639 4081 Ill,
1690 4019 1721 4071 et
1741 4005 1812 4087 ills,
1833 4003 1890 4093 qui
1911 4026 1977 4070 uon
1997 4002 2137 4085 venerit,
2162 4003 2219 4071 ille
2238 4004 2304 4075 siit
2322 4008 2400 4077 lm

161 4104 283 4204 publici
313 4104 501 4168 absumet
523 4099 878 4189 douiterneguciassit.·
928 4095 1017 4187 quod
1050 4096 1180 4184 publice
1212 4097 1406 4187 negotiasset
1433 4112 1465 4165 et
1478 4096 1638 4166 ”idoniten
1689 4105 1774 4172 illius
1807 4105 1864 4195 qui
1891 4129 1943 4171 res
1969 4096 2044 4171 suas
2072 4104 2235 4194 agnoscit,
2260 4101 2306 4175 'st
2329 4128 2401 4203 po-

162 4203 404 4284 Stotsifscsrit,
425 4200 512 4267 exuit
534 4224 570 4266 se
591 4201 632 4265 ad
654 4200 874 4284 latrocinium
928 4197 1018 4264 Istud
1039 4195 1066 4261 si
1087 4195 1221 4275 interit,
1237 4197 1325 4263 exuit
1337 4221 1374 4265 se
1391 4198 1432 4264 do
1452 4198 1639 4281 latrocini03
1687 4209 1768 4276 tium
1794 4207 1910 4276 reddat
1935 4205 2022 4274 illius
2052 4204 2109 4295 qui
2136 4227 2212 4271 cum
2231 4230 2275 4279 ρο
2303 4230 2401 4303 10⁸0.

162 4310 218 4379 ille
245 4296 388 4396 qui'n'o'n
407 4301 549 4382 venerit,
577 4324 676 4392 super
703 4325 801 4391 quem
827 4316 874 4369 te-
927 4301 982 4368 ille
1003 4298 1058 4386 qui
1080 4322 1146 4366 non
1166 4299 1307 4379 venerit,
1336 4322 1436 4389 super
1462 4325 1560 4390 quem
1579 4301 1638 4369 ΙΙΙ.
1688 4309 1799 4391 siavit,
1832 4322 1864 4377 οι
1893 4308 1935 4374 ad
1968 4309 2061 4374 illum
2094 4304 2275 4376 „cundum
2301 4310 2403 4403 hp

163 4425 227 4500 ’ie-i
260 4406 462 4484 iuraverunt,
502 4402 557 4468 ille
585 4401 645 4469 erit
672 4405 755 4469 latro
788 4400 875 4470 illius
929 4418 1025 4468 testes
1051 4397 1242 4478 iuraverint,
1277 4398 1332 4464 ille
1360 4399 1420 4466 erit
1446 4402 1529 4469 latro
1554 4402 1639 4468 illius
1689 4425 1860 4500 conponat,
1882 4407 1938 4498 qui
1956 4432 2011 4476 m
2030 4431 2104 4474 snae
2125 4407 2347 4497 agnomine

60 4554 68 4566 s
163 4512 221 4603 qni
241 4502 403 4598 agnoscit,
427 4501 573 4591 precium
593 4501 709 4569 reddat
726 4501 800 4584 illis,
822 4527 874 4568 se-
928 4504 983 4594 qui
1012 4500 1172 4587 agnoscit,
1202 4512 1233 4563 et
1261 4499 1418 4587 praetium
1441 4503 1556 4570 reddat
1584 4505 1640 4573 ille
1689 4510 1769 4577 tium
1789 4509 1916 4577 reddat.
1958 4510 2023 4576 Ista
2049 4509 2157 4577 omnia
2178 4508 2291 4577 facere
2321 4542 2325 4563 ·
2362 4545 2365 4565 ι
2400 4538 2404 4558 ¹

163 4608 304 4680 cundum
331 4607 436 4695 legem
457 4619 631 4695 componat
650 4603 714 4683 illi,
746 4602 803 4693 qui
823 4629 876 4670 res
927 4605 981 4694 qui
1004 4628 1077 4670 cum
1105 4626 1145 4669 eo
1172 4600 1364 4688 negotiavit,
1392 4615 1423 4666 et
1450 4603 1506 4670 ille
1533 4605 1565 4671 ei
1586 4630 1640 4672 se·
1690 4609 1725 4676 in
1745 4610 1835 4676 illum
1856 4612 2006 4692 mallum,
2033 4610 2090 4676 ubi
2115 4607 2186 4698 ipsc
2207 4610 2316 4677 arnoll.
2335 4630 2403 4679 ns

163 4704 413 4821 suassagnuscit.
451 4705 506 4774 Sta
525 4704 633 4773 omnia
646 4704 680 4770 in
691 4704 782 4770 illum
794 4707 875 4770 mal·
926 4705 1066 4772 cundum
1086 4705 1191 4793 legem
1213 4715 1388 4791 conponat,
1417 4703 1544 4795 quires
1565 4732 1639 4776 suas
1691 4709 1891 4795 denoscitur,
1912 4734 2012 4803 ειμι·
2031 4734 2129 4801 quem
2147 4731 2202 4776 ras
2219 4706 2281 4779 illa
2329 4747 2344 4793 ς
2384 4745 2388 4754 t

160 4813 488 4848 ·.....·.»------.

160 4914 162 4921 ·
188 4907 205 4921 -·
260 4877 302 4948 τί)
336 4878 566 4936 otcaritnde
578 4879 730 4932 intertiotis
743 4876 837 4934 rebus.
943 4879 969 4946 2)
1007 4875 1125 4931 Gloss.
1140 4876 1339 4929 limmeran.
1354 4878 1486 4946 tertiare,
1501 4877 1703 4940 drittelranton.
1736 4856 1815 4939 lloo.

173 5028 176 5036 ’
272 5045 298 5112 ι)
334 5034 819 5106 Cod.Bcnn.banchabetrabr.,
846 5037 990 5105 Quomodo
996 5036 1119 5106 sanutus
1132 5056 1177 5090 res
1188 5039 1334 5089 intertiarc
1351 5035 1441 5095 drbet.
1548 5039 1578 5106 .¹')
1612 5041 1683 5098 cod,
1700 5008 1934 5116 nmbsffifgm
1947 5043 2201 5105 mmmmm„-
2309 5050 2337 5123 α)
2358 5048 2402 5111 u

166 5118 906 5194 Godd.Pith.,Bonn.etBsmb.;vulgoexe'vit.
984 5122 1014 5185 ιΙ)
1051 5119 1460 5194 qu.Ba1nb.sacromento.
1540 5125 1565 5189 e)
1600 5123 2186 5200 cod,flegpmpw,nummu-m·
2269 5130 2302 5207 ἲ)
2335 5132 2402 5197 ω

164 5210 281 5279 namb.
296 5205 488 5268 stllerold.
501 5203 553 5259 sed
569 5222 634 5259 cum
648 5220 725 5260 socr.
744 5222 773 5256 se
787 5203 874 5270 idan.,·
896 5205 1058 5279 Codlteg.
1074 5206 1153 5259 addit
1167 5201 1287 5258 student.
1394 5204 1419 5274 t)
1455 5201 1616 5262 sichard.
1635 5204 1886 5277 deintertinttone,
1905 5207 1973 5265 Til.
1990 5208 2134 5268 etbind.
2149 5207 2400 5279 deinum*
