4808 5686
107 335 121 389 l
144 332 225 392 SAL.
247 335 301 391 Ex
324 332 411 392 COD.
430 333 542 393 mn.
853 334 931 392 LEX
947 334 1027 392 snt.
1043 333 1267 394 EMENDATA.
1446 265 1452 447 ι
1647 333 1725 389 tux
1746 332 2009 391 nuvamouult

107 669 121 739 i
142 694 215 763 qius
241 696 304 765 per
330 672 469 742 alienam
494 696 646 758 messem,
740 683 769 754 I.
789 679 822 744 2.
851 674 888 746 Si
916 672 990 767 quis
1018 700 1080 768 per
1103 699 1243 743 messem
1267 673 1415 758 alienam,

127 772 302 857 levaverit,
338 774 472 844 herbioe
502 774 648 861 traxerit,
676 776 869 869 lpostqnam
897 774 1043 866 germina
1070 777 1279 870 produxerit,
1304 775 1419 868 herpi-

107 874 262 944 amsine
273 875 329 943 ria
340 876 502 945 transierit
516 879 646 961 (malb.
676 873 803 962 lcem¹)
842 877 991 961 traxerit,
1025 892 1079 945 aut
1110 903 1184 947 eum
1219 901 1313 948 carro
1346 878 1418 945 eine
1504 890 1522 954 .·
1977 931 1988 952 .
2016 931 2027 952 .

107 1030 113 1060 ,
142 975 214 1049 oc.
240 976 353 1044 aena..
375 978 431 1068 qu
451 978 574 1046 fanum
593 1002 650 1048 a.
676 954 752 1047 tva
778 979 956 1064 transient,
987 978 1092 1048 cxx.
1121 978 1263 1048 uenam
1291 978 1348 1070 qn
1368 977 1419 1046 o-
1445 932 1546 1029 me
1573 931 1711 1071 m·
1763 931 1825 1007 ΠΕ
1848 955 1897 1008 ⁰⁰
1922 957 1989 1032 (Ιι11
2015 957 2055 1068 ¹3¹
2079 952 2183 1096 ¹3¹2ss·

116 1077 286 1171 culpabilis
310 1076 483 1148 indicetur.
698 1077 787 1147 ciunt
807 1081 931 1149 solidos
951 1081 1009 1148 III.
1034 1080 1202 1172 culpabilis
1224 1078 1395 1147 iudicetur.
1490 1076 1533 1127 ὅθ
1552 1054 1678 1156 allen?
1697 1075 1786 1126 (ΜΠ)
1799 1070 1909 1125 cam
1924 1055 2128 1123 mmmm·

107 1179 124 1246 i
151 1179 224 1272 quis
256 1203 319 1271 per
344 1177 481 1247 alienam
508 1204 649 1248 meseem
740 1189 770 1260 ί.
791 1184 821 1249 3.
850 1181 888 1252 Si
917 1182 990 1272 quis
1017 1207 1079 1274 per
1104 1206 1243 1250 messem
1270 1180 1417 1265 alienam,
1507 1183 1545 1256 Si
1577 1182 1651 1275 quis
1682 1207 1744 1276 per
1769 1205 1909 1249 messem
1935 1180 2073 1247 alienam
2109 1201 2183 1246 cum

107 1281 282 1350 lmitantem
302 1280 373 1350 sine
401 1280 457 1349 ria
477 1281 649 1367 transierit,
685 1295 869 1375 *postquem
889 1282 924 1350 iu
945 1286 1087 1351 culmum
1108 1285 1252 1375 erigitur,
1272 1281 1343 1350 eine
1363 1281 1422 1350 vie
1464 1309 1559 1355 uarro
1592 1288 1649 1354 rel
1688 1286 1853 1364 oamuca‘)
1883 1280 2062 1364 transierit,
2103 1279 2180 1347 XV.

107 1381 226 1477 rpen’ne
249 1381 401 1452 convenit
421 1383 606 1454 observare.
698 1406 774 1451 oum
815 1407 908 1454 carro
947 1384 1126 1469 transierit,
1165 1385 1238 1454 DC.
1277 1382 1418 1453 denariis
1464 1385 1580 1455 solidis
1599 1388 1760 1454 multetur.

698 1485 756 1602 ‘VV
778 1484 900 1553 sadum
926 1486 1052 1556 ⁸⁰¹ld⁰⁸
1078 1487 1154 1557 XV·
1176 1485 1346 1578 ⁰¹¹¹P³bffi⁸
1366 1485 1418 1578 iu·
1465 1505 1543 1579 Tit.
1569 1505 1687 1581 XLV.
1742 1505 1800 1581 Ile
1825 1527 1873 1579 eo
1895 1504 1963 1602 qui
1988 1500 2182 1578 nesciente

698 1585 831 1655 dmm·
1464 1605 1621 1682 homine
1645 1607 1811 1706 aliquam
1829 1607 2012 1680 furtivam
2032 1626 2116 1677 rem
2140 1601 2181 1673 in

1535 1709 1693 1782 domum
1717 1708 1819 1814 illiue
1843 1704 2111 1780 introduxerit.

107 1827 200 1920 iquis
217 1852 279 1920 per
296 1826 418 1894 malum
428 1823 595 1917 ingenium
612 1823 647 1891 in
741 1828 770 1901 §.
792 1824 824 1892 4.
855 1822 893 1895 si
922 1821 996 1915 quis
1021 1847 1082 1915 per
1101 1824 1224 1890 malum
1250 1821 1417 1916 ingenium
1506 1820 1545 1892 Si
1571 1821 1646 1913 quis
1673 1823 1836 1890 nesciente
1867 1821 1999 1890 homine
2027 1816 2179 1884 furtivam

107 1931 213 2016 terius,
234 1931 289 1999 vel
309 1928 344 1997 in
366 1951 483 2011 cesam,
505 1929 561 1996 vel
574 1924 648 1992 ubi·
695 1920 732 1989 in
754 1938 878 1992 enatem
905 1923 1053 2009 alterius,
1080 1928 1136 1993 vel
1155 1924 1191 1992 in
1213 1948 1336 2008 caeam,
1363 1928 1418 1995 vel
1463 1920 1568 2008 rems)
1588 1924 1623 1990 in
1643 1923 1715 1992 eius
1734 1924 1973 2016 possessionem
1991 1918 2182 1987 introduxe-

107 2033 148 2101 e'd
175 2032 219 2101 de
245 2029 354 2099 furato
383 2028 519 2114 miserit,
541 2026 648 2096 nesci-
695 2023 881 2117 ubicunque
897 2024 1021 2094 miserit
1049 2024 1189 2116 aliquid,
1217 2024 1308 2117 qnod
1327 2023 1417 2095 fura·
1462 2024 1523 2108 rit,
1560 2039 1592 2093 et
1619 2023 1745 2113 ibidem
1772 2025 1902 2095 inventa
1932 2022 2045 2105 luerit,
2073 2018 2179 2087 XLV.

107 2133 159 2203 ino
187 2132 279 2203 cuiue
295 2129 471 2227 ‘possessio
498 2143 563 2213 est,
588 2126 646 2195 nbi
695 2138 764 2193 tum
791 2140 856 2212 est,
882 2124 1046 2195 nesciente
1067 2125 1204 2196 domino
1226 2125 1317 2215 cuius
1337 2149 1417 2219 pos·
1463 2123 1581 2196 solidis
1607 2123 1778 2218 culpabilis
1803 2122 1980 2207 indicetur,
2007 2125 2062 2190 vel
2090 2118 2181 2211 quie-
2321 2122 2324 2127 ’

107 2234 212 2319 luerit,
225 2234 283 2328 qni
294 2235 359 2305 hoc
370 2231 503 2301 miserat
514 2230 645 2313 (malb.
694 2220 798 2296 sessio
821 2240 884 2312 est,
913 2242 946 2297 et
966 2227 1090 2296 ibidem
1113 2227 1280 2297 inventum
1307 2226 1416 2313 fuerit,
1443 2193 1544 2319 lquid
1564 2226 1596 2296 ei
1615 2217 1772 2296 <lemnum
1791 2220 1978 2310 accesserit,
2002 2223 2089 2291 aliud
2111 2217 2186 2289 tam

107 2340 149 2424 a),
188 2336 305 2405 MMD.
335 2335 409 2404 den.
440 2333 496 2425 qui
525 2332 648 2400 faciunt
695 2327 750 2396 ille
772 2329 829 2420 qui
855 2355 917 2422 per
940 2331 1061 2396 malum
1080 2329 1248 2422 ingenium
1268 2331 1333 2398 hoc
1352 2327 1417 2396 mi·
1442 2315 1533 2429 ltnm
1551 2327 1727 2397 restituat·
1929 2418 1932 2427 =
2199 2363 2203 2383 ·

107 2490 118 2511 .
145 2464 219 2508 cum
245 2436 384 2508 dimidio
406 2434 575 2529 culpabilis
593 2433 646 2502 iu·
695 2427 824 2513 serit⁸)‚
865 2431 983 2498 MMD.
1023 2431 1164 2498 denariis
1205 2431 1262 2521 qui
1295 2432 1417 2499 faciunt
1440 2432 1542 2509 ῑΤίί.
1580 2430 1794 2508 LXXVIII.
1845 2430 1905 2507 Ile
1937 2455 1986 2507 eo
2019 2428 2085 2529 qui
2117 2427 2207 2504 lu-J·

694 2531 819 2601 solidos
835 2530 940 2600 LXII.
963 2532 997 2612 S.
1015 2532 1185 2625 culpabilis
1201 2531 1371 2605 iudicetur.
1567 2560 1653 2612 rem
1676 2537 1717 2609 in
1737 2536 1852 2609 domo
1877 2531 2076 2637 temporit,

737 2639 766 2711 5.
789 2632 855 2716 ab)
878 2632 915 2705 Si
928 2632 1050 2726 quieiu
1072 2647 1162 2702 enrte
1188 2632 1319 2701 alterius
1337 2646 1413 2726 post
1507 2632 1544 2706 Si
1572 2631 1646 2727 quis
1673 2631 1781 2703 iurem
1813 2628 1849 2699 in
1880 2630 1981 2701 domo
2009 2626 2187 2723 receperit..

694 2734 775 2804 solis
788 2758 940 2803 occasum
959 2733 995 2802 in
1010 2732 1133 2804 lurtum
1153 2732 1318 2826 ingressus
1338 2734 1414 2803 fue-
1439 2739 1516 2807 'vel
1535 2735 1566 2805 ei
1593 2733 1772 2828 hospitium
1791 2757 1850 2802 seu
1870 2732 1992 2801 rictum
2012 2727 2181 2824 praestite—
2318 2786 2323 2794 .

639 2846 650 2854 ’“
692 2833 745 2919 rit,
767 2848 799 2903 et
809 2833 934 2904 ibidem
947 2835 1223 2920 lileritinventus,
1245 2832 1414 2906 Muccc.
1461 2838 1521 2925 rit,
1544 2836 1623 2906 dum
1643 2860 1696 2906 res
1717 2833 1839 2904 alienas
1859 2832 1982 2900 luranis
1999 2829 2105 2911 interit,
2128 2829 2181 2921 ip·

693 2935 836 3005 denariis
856 2935 913 3029 qni
933 2935 1056 3007 iaciunt
1075 2936 1201 3009 eolides
1220 2934 1328 3007 XLV.
1344 2938 1415 3006 ου]-
1461 2965 1500 3010 ee
1534 2936 1649 3007 similis
1676 2935 1781 3014 luri⁸)
1807 2932 1977 3028 culpabilis
2007 2929 2178 3013 iudicetur,

694 3036 813 3132 pabilis
839 3037 1011 3112 indicetur.
1462 3055 1517 3109 eut
1537 3065 1613 3110 eum
1630 3040 1691 3109 vl.
1714 3038 1814 3121 iuret,
1835 3034 1926 3128 quod
1947 3057 2023 3101 eum
2043 3056 2103 3099 neo
2125 3054 2180 3096 oe-

1405 3202 1412 3211 .
1461 3143 1558 3209 lasset
1579 3141 1696 3209 necin
1717 3140 1822 3208 domo
1832 3136 1988 3231 pavisset.

107 3255 259 3330 muni.
322 3255 381 3330 ne
426 3254 643 3330 homiaem
692 3261 770 3335 ro.
788 3258 985 3333 xxxvu.
1024 3259 1084 3334 oe
1098 3236 1316 3334 domium
1329 3278 1413 3332 aa·
1462 3262 1541 3336 ras
1572 3260 1750 3334 xxun.
1818 3259 1879 3334 ne
1910 3253 2178 3330 internetione

107 3383 158 3434 nn
179 3358 245 3433 vel
275 3357 611 3456 expoliationibus.
809 3385 949 3435 vorum
973 3360 1038 3433 vel
1060 3360 1296 3433 ancillarum.
1620 3384 1821 3436 servorum
1844 3382 1868 3433 e
1891 3381 2019 3432 servo.

107 3470 214 3565 iqnis
238 3495 354 3541 servus
379 3495 512 3542 serrum
531 3474 585 3542 vel
605 3494 642 3540 se
734 3483 765 3556 ς.
786 3477 816 3544 1.
837 3471 967 3564 Siquis
988 3496 1102 3541 servus
1128 3495 1261 3541 serrum
1280 3487 1335 3540 ant
1348 3497 1414 3545 ¹ean·
1503 3474 1541 3548 si
1569 3489 1677 3544 antem
1701 3498 1818 3544 senus
1849 3496 1980 3545 serrum
2007 3469 2178 3538 interiere·

107 3572 300 3645 noooiderit
319 3575 457 3651 (malb.
477 3576 555 3641 theu
575 3577 646 3641 leu-
693 3577 802 3647 eillem
827 3575 891 3643 sibi
918 3573 1121 3645 consimilem
1145 3572 1320 3656 occiderit,
1349 3576 1413 3644 ho-
1460 3579 1517 3662 nt,
1547 3577 1699 3647 dominus
1738 3577 1812 3645 eins
1836 3571 2035 3652 XXXVLV)
2063 3571 2177 3637 solidis

107 3700 145 3746 ru
170 3677 358 3760 lendium),
388 3675 454 3743 hoo
481 3674 643 3760 convenit,
692 3678 848 3748 mioidam
872 3678 999 3759 illuw)
1019 3674 1146 3746 domini
1164 3675 1249 3744 inter
1266 3699 1303 3744 se
1325 3675 1414 3747 divi·
1460 3678 1629 3773 culpabilis
1656 3677 1833 3759 iudicetur,
1863 3690 1918 3743 eut
1945 3700 2020 3743 eum
2048 3672 2102 3740 Vl.
2125 3672 2177 3737 iu·

107 3775 189 3846 idam
220 3775 314 3845 illum
342 3774 469 3845 domini
496 3775 581 3847 inter
607 3802 644 3846 ee
693 3779 781 3848 dant.
1459 3797 1520 3868 ret,
1536 3781 1628 3874 quod
1645 3805 1759 3851 nervus
1778 3778 1849 3849 eius
1868 3779 1934 3848 hoc
1954 3799 2022 3846 non
2035 3773 2174 3843 lecisset.

107 3979 212 4075 iquis
232 3980 393 4074 ingenuus
412 4006 544 4050 servum
565 3979 646 4049 alie-
736 3992 765 4063 ς.
786 3988 816 4052 2
839 3974 876 4049 si
898 3981 972 4071 quie
999 3979 1159 4074 ingenuus
1179 4005 1311 4052 serrum
1330 3982 1412 4052 elie-

107 4082 189 4150 lierit
209 4097 241 4150 et
261 4082 508 4175 exspoliaverit,
535 4095 567 4150 et
592 4081 646 4149 in-
692 4111 771 4154 num
791 4080 955 4150 adsalierit
972 4096 1006 4150 et
1026 4082 1257 4174 expoliaverit,
1278 4098 1311 4152 et
1331 4108 1412 4154 oon·

107 4182 262 4275 tdraginta
288 4184 441 4255 denarioe
474 4184 506 4253 ei
531 4182 644 4253 tulisse
691 4186 796 4256 rictus
817 4181 925 4267 fuerit,
947 4182 1037 4274 quod
1059 4182 1092 4251 ei
1110 4185 1195 4276 plns,
1217 4209 1315 4277 qnam
1335 4186 1410 4257 XL.

107 4286 219 4366 [math.
234 4287 452 4370 thermeda),
473 4286 545 4354 Dc.
567 4284 641 4353 den.
692 4287 820 4358 denarii
835 4290 961 4370 velent,
982 4282 1123 4369 tulieeet,
1145 4285 1246 4358 MCC.
1269 4286 1411 4359 denariis

107 4389 188 4458 teol.
197 4386 275 4456 XV.
289 4387 459 4479 culpabilis
471 4386 641 4455 iudicetur.
691 4391 749 4482 qui
782 4388 924 4468 iaciuntx
938 4386 1064 4458 solidos
1091 4387 1205 4457 XXX.
1239 4390 1411 4483 ouloebilis

688 4486 904 4573 iudicetur2).''

108 4591 227 4660 i-veao
252 4590 359 4659 minus
385 4588 510 4675 tulerit,
542 4616 641 4684 quam
734 4603 760 4674 I.
779 4597 811 4663 3.
840 4592 877 4660 Si
893 4613 979 4660 vero
996 4587 1114 4674 minus,
1136 4614 1235 4681 quam
1254 4590 1327 4661 XL.
1348 4591 1409 4662 de-

107 4734 128 4760 ..
149 4691 292 4776 denarii,
323 4690 394 4761 DC.
420 4691 561 4760 denariis
583 4692 641 4786 qui
690 4696 774 4765 narii
793 4697 918 4774 valent,
939 4691 1063 4776 tulerit,
1092 4692 1166 4762 DC.
1188 4692 1329 4761 denariis
1351 4694 1408 4785 qui

107 4795 221 4863 txv.
242 4793 412 4885 culpabilis
432 4794 602 4865 iudicetur.
689 4797 812 4866 leciunt
846 4793 971 4865 solidos
1002 4794 1080 4864 XV.
1117 4795 1287 4887 ctdpabilis
1319 4796 1408 4865 indi-

690 4912 788 4967 celtu.

107 4979 338 4994 w

107 5028 208 5089 lamb.
220 5033 348 5090 miserat.
383 5030 411 5102 b)
427 5035 506 5091 Haeo
518 5034 539 5104 l.
552 5032 584 5089 ln
595 5035 657 5091 sols
668 5034 742 5091 Edit
757 5035 878 5090 Balnz.
893 5030 1023 5102 occurrit,
1040 5049 1136 5109 neque
1151 5049 1214 5089 eam
1231 5029 1336 5088 hebent
1351 5026 1443 5091 codd.
1458 5031 1577 5090 Bsnab,
1593 5041 1622 5089 et
1638 5034 1746 5090 Boon.
1785 5036 1813 5104 e)
1825 5034 1897 5096 cod.
1909 5038 1978 5096 Bet.
1989 5036 2170 5094 homicidum

109 5115 181 5173 Cod.
196 5114 311 5173 Bamb.
333 5133 397 5172 oum
412 5117 556 5174 Herold.
576 5121 620 5170 Dr
635 5117 679 5171 lte
696 5120 819 5194 quim.
843 5119 1019 5176 amitini.
1076 5121 1101 5188 ⁸)
1124 5115 1329 5183 maeoseu.
1341 5132 1483 5192 comaga.
1537 5113 1562 5186 ἢ
1584 5116 1654 5177 ‘rit
1666 5126 1696 5174 et
1708 5115 1810 5179 nine
1824 5117 1973 5178 eddnntt'u
1988 5119 2171 5183 remeet

107 5196 268 5272 egsurout.
335 5195 364 5267 ὓ)
398 5199 653 5259 neretum

348 5446 356 5488 l
