<?xml version="1.0" encoding="UTF-8"?>
<!DOCTYPE html PUBLIC "-//W3C//DTD XHTML 1.0 Transitional//EN"
    "http://www.w3.org/TR/xhtml1/DTD/xhtml1-transitional.dtd">
<html xmlns="http://www.w3.org/1999/xhtml" xml:lang="en" lang="en">
 <head>
  <title>
</title>
<meta http-equiv="Content-Type" content="text/html;charset=utf-8" />
  <meta name='ocr-system' content='tesseract 3.04.00' />
  <meta name='ocr-capabilities' content='ocr_page ocr_carea ocr_par ocr_line ocrx_word'/>
</head>
<body>
  <div class='ocr_page' id='page_1' title='image "./lexsalicaexvari00laspgoog/lexsalicaexvari00laspgoog_0011.png"; bbox 0 0 4770 5684; ppageno 0'>
   <div class='ocr_carea' id='block_1_1' title="bbox 757 1214 1529 1334">
    <p class='ocr_par' dir='ltr' id='par_1_1' title="bbox 757 1214 1529 1334">
     <span class='ocr_line' id='line_1_1' title="bbox 757 1214 1529 1334; baseline 0.004 -9"><span class='ocrx_word' id='word_1_1' title='bbox 757 1214 1529 1334; x_wconf 80' lang='lat' dir='ltr'><strong>PRAEFATIO.</strong></span> 
     </span>
    </p>
   </div>
   <div class='ocr_carea' id='block_1_2' title="bbox 994 1491 1294 1507">
    <p class='ocr_par' dir='ltr' id='par_1_2' title="bbox 994 1491 1294 1507">
     <span class='ocr_line' id='line_1_2' title="bbox 994 1491 1294 1507; baseline -0.007 0"><span class='ocrx_word' id='word_1_2' title='bbox 994 1491 1294 1507; x_wconf 53' lang='lat' dir='ltr'>m</span> 
     </span>
    </p>
   </div>
   <div class='ocr_carea' id='block_1_3' title="bbox 279 1637 2168 1800">
    <p class='ocr_par' dir='ltr' id='par_1_3' title="bbox 279 1637 2168 1800">
     <span class='ocr_line' id='line_1_3' title="bbox 279 1637 2168 1800; baseline -0.002 -27"><span class='ocrx_word' id='word_1_3' title='bbox 279 1637 478 1800; x_wconf 81' lang='lat' dir='ltr'><strong>Legum,</strong></span> <span class='ocrx_word' id='word_1_4' title='bbox 531 1725 630 1799; x_wconf 86' lang='lat' dir='ltr'><strong>queo</strong></span> <span class='ocrx_word' id='word_1_5' title='bbox 654 1697 910 1774; x_wconf 86' lang='lat' dir='ltr'><strong>barbarorum</strong></span> <span class='ocrx_word' id='word_1_6' title='bbox 935 1697 1114 1797; x_wconf 78' lang='lat' dir='ltr'><strong>antiquae</strong></span> <span class='ocrx_word' id='word_1_7' title='bbox 1138 1710 1342 1793; x_wconf 84' lang='lat' dir='ltr'><strong>vooantnr,</strong></span> <span class='ocrx_word' id='word_1_8' title='bbox 1384 1723 1502 1775; x_wconf 87' lang='lat' dir='ltr'><strong>unam</strong></span> <span class='ocrx_word' id='word_1_9' title='bbox 1527 1700 1736 1776; x_wconf 81' lang='lat' dir='ltr'><strong>alteramve</strong></span> <span class='ocrx_word' id='word_1_10' title='bbox 1758 1693 2035 1798; x_wconf 78' lang='lat' dir='ltr'><strong>interpretandi</strong></span> <span class='ocrx_word' id='word_1_11' title='bbox 2053 1696 2168 1793; x_wconf 73' lang='lat' dir='ltr'><strong>eapte</strong></span> 
     </span>
    </p>
   </div>
   <div class='ocr_carea' id='block_1_4' title="bbox 94 1863 2171 5012">
    <p class='ocr_par' dir='ltr' id='par_1_4' title="bbox 94 1863 2171 5012">
     <span class='ocr_line' id='line_1_4' title="bbox 128 1863 2168 1969; baseline 0.002 -34"><span class='ocrx_word' id='word_1_12' title='bbox 128 1863 306 1958; x_wconf 86' lang='lat' dir='ltr'><strong>oonsilio,</strong></span> <span class='ocrx_word' id='word_1_13' title='bbox 342 1890 391 1938; x_wconf 91' lang='lat' dir='ltr'><strong>ne</strong></span> <span class='ocrx_word' id='word_1_14' title='bbox 424 1867 493 1964; x_wconf 86' lang='lat' dir='ltr'><strong>qui</strong></span> <span class='ocrx_word' id='word_1_15' title='bbox 516 1866 656 1940; x_wconf 73' lang='lat' dir='ltr'><strong>acholio</strong></span> <span class='ocrx_word' id='word_1_16' title='bbox 678 1868 775 1940; x_wconf 81' lang='lat' dir='ltr'><strong>meis</strong></span> <span class='ocrx_word' id='word_1_17' title='bbox 800 1868 954 1959; x_wconf 82' lang='lat' dir='ltr'><strong>adsunt,</strong></span> <span class='ocrx_word' id='word_1_18' title='bbox 988 1866 1255 1963; x_wconf 75' lang='lat' dir='ltr'><strong>antiquitatum</strong></span> <span class='ocrx_word' id='word_1_19' title='bbox 1282 1865 1598 1943; x_wconf 81' lang='lat' dir='ltr'><strong>Germanicarum</strong></span> <span class='ocrx_word' id='word_1_20' title='bbox 1621 1869 1766 1969; x_wconf 84' lang='lat' dir='ltr'><strong>ignari,</strong></span> <span class='ocrx_word' id='word_1_21' title='bbox 1803 1870 1889 1968; x_wconf 85' lang='lat' dir='ltr'><strong>ipao</strong></span> <span class='ocrx_word' id='word_1_22' title='bbox 1920 1867 2168 1941; x_wconf 76' lang='lat' dir='ltr'><strong>ftmdamento</strong></span> 
     </span>
     <span class='ocr_line' id='line_1_5' title="bbox 125 2026 2168 2134; baseline -0.002 -28"><span class='ocrx_word' id='word_1_23' title='bbox 125 2044 299 2128; x_wconf 79' lang='lat' dir='ltr'><strong>careant,</strong></span> <span class='ocrx_word' id='word_1_24' title='bbox 341 2037 444 2134; x_wconf 88' lang='lat' dir='ltr'><strong>qnod</strong></span> <span class='ocrx_word' id='word_1_25' title='bbox 478 2037 601 2110; x_wconf 83' lang='lat' dir='ltr'><strong>solido</strong></span> <span class='ocrx_word' id='word_1_26' title='bbox 627 2038 740 2132; x_wconf 82' lang='lat' dir='ltr'><strong>patrii</strong></span> <span class='ocrx_word' id='word_1_27' title='bbox 769 2037 863 2110; x_wconf 79' lang='lat' dir='ltr'><strong>iuris</strong></span> <span class='ocrx_word' id='word_1_28' title='bbox 888 2037 1013 2110; x_wconf 75' lang='lat' dir='ltr'><strong>attidio</strong></span> <span class='ocrx_word' id='word_1_29' title='bbox 1038 2034 1198 2110; x_wconf 78' lang='lat' dir='ltr'><strong>iaciatur</strong></span> <span class='ocrx_word' id='word_1_30' title='bbox 1227 2057 1385 2109; x_wconf 74' lang='lat' dir='ltr'><strong>necesse</strong></span> <span class='ocrx_word' id='word_1_31' title='bbox 1413 2043 1493 2128; x_wconf 85' lang='lat' dir='ltr'><strong>eat,</strong></span> <span class='ocrx_word' id='word_1_32' title='bbox 1526 2033 1651 2110; x_wconf 89' lang='lat' dir='ltr'><strong>Selioa</strong></span> <span class='ocrx_word' id='word_1_33' title='bbox 1683 2034 1779 2110; x_wconf 88' lang='lat' dir='ltr'><strong>mibi</strong></span> <span class='ocrx_word' id='word_1_34' title='bbox 1808 2033 1875 2109; x_wconf 89' lang='lat' dir='ltr'><strong>lex</strong></span> <span class='ocrx_word' id='word_1_35' title='bbox 1905 2056 2001 2131; x_wconf 86' lang='lat' dir='ltr'><strong>prae</strong></span> <span class='ocrx_word' id='word_1_36' title='bbox 2030 2026 2168 2105; x_wconf 78' lang='lat' dir='ltr'><strong>ceterir</strong></span> 
     </span>
     <span class='ocr_line' id='line_1_6' title="bbox 124 2190 2168 2302; baseline -0.005 -26"><span class='ocrx_word' id='word_1_37' title='bbox 124 2202 239 2301; x_wconf 79' lang='lat' dir='ltr'><strong>digno</strong></span> <span class='ocrx_word' id='word_1_38' title='bbox 271 2203 491 2298; x_wconf 81' lang='lat' dir='ltr'><strong>videbatur,</strong></span> <span class='ocrx_word' id='word_1_39' title='bbox 529 2227 604 2302; x_wconf 91' lang='lat' dir='ltr'><strong>qua</strong></span> <span class='ocrx_word' id='word_1_40' title='bbox 639 2205 736 2278; x_wconf 86' lang='lat' dir='ltr'><strong>duee</strong></span> <span class='ocrx_word' id='word_1_41' title='bbox 770 2226 947 2301; x_wconf 72' lang='lat' dir='ltr'><strong>cenapum</strong></span> <span class='ocrx_word' id='word_1_42' title='bbox 978 2204 1088 2275; x_wconf 85' lang='lat' dir='ltr'><strong>illum</strong></span> <span class='ocrx_word' id='word_1_43' title='bbox 1121 2205 1196 2275; x_wconf 88' lang='lat' dir='ltr'><strong>late</strong></span> <span class='ocrx_word' id='word_1_44' title='bbox 1227 2207 1422 2298; x_wconf 85' lang='lat' dir='ltr'><strong>petentem</strong></span> <span class='ocrx_word' id='word_1_45' title='bbox 1454 2198 1691 2273; x_wconf 74' lang='lat' dir='ltr'><strong>auditoribus</strong></span> <span class='ocrx_word' id='word_1_46' title='bbox 1722 2198 1925 2297; x_wconf 74' lang='lat' dir='ltr'><strong>aperirem.</strong></span> <span class='ocrx_word' id='word_1_47' title='bbox 1982 2193 2081 2270; x_wconf 83' lang='lat' dir='ltr'><strong>Nem</strong></span> <span class='ocrx_word' id='word_1_48' title='bbox 2111 2190 2168 2265; x_wconf 88' lang='lat' dir='ltr'><strong>nti</strong></span> 
     </span>
     <span class='ocr_line' id='line_1_7' title="bbox 124 2366 2169 2514; baseline -0 -73"><span class='ocrx_word' id='word_1_49' title='bbox 124 2382 249 2444; x_wconf 79' lang='lat' dir='ltr'><strong>aetate</strong></span> <span class='ocrx_word' id='word_1_50' title='bbox 276 2376 440 2468; x_wconf 85' lang='lat' dir='ltr'><strong>eminet,</strong></span> <span class='ocrx_word' id='word_1_51' title='bbox 474 2376 529 2447; x_wconf 87' lang='lat' dir='ltr'><strong>ite</strong></span> <span class='ocrx_word' id='word_1_52' title='bbox 561 2374 728 2446; x_wconf 76' lang='lat' dir='ltr'><strong>sinceras</strong></span> <span class='ocrx_word' id='word_1_53' title='bbox 755 2371 915 2514; x_wconf 81' lang='lat' dir='ltr'><strong>exbibet</strong></span> <span class='ocrx_word' id='word_1_54' title='bbox 939 2395 1065 2468; x_wconf 84' lang='lat' dir='ltr'><strong>neque</strong></span> <span class='ocrx_word' id='word_1_55' title='bbox 1091 2397 1141 2444; x_wconf 81' lang='lat' dir='ltr'><strong>ex</strong></span> <span class='ocrx_word' id='word_1_56' title='bbox 1169 2370 1253 2441; x_wconf 89' lang='lat' dir='ltr'><strong>iure</strong></span> <span class='ocrx_word' id='word_1_57' title='bbox 1277 2370 1450 2441; x_wconf 84' lang='lat' dir='ltr'><strong>Romano</strong></span> <span class='ocrx_word' id='word_1_58' title='bbox 1472 2369 1714 2466; x_wconf 76' lang='lat' dir='ltr'><strong>depravatae,</strong></span> <span class='ocrx_word' id='word_1_59' title='bbox 1746 2390 1846 2468; x_wconf 89' lang='lat' dir='ltr'><strong>qnae</strong></span> <span class='ocrx_word' id='word_1_60' title='bbox 1870 2375 1961 2442; x_wconf 87' lang='lat' dir='ltr'><strong>tune</strong></span> <span class='ocrx_word' id='word_1_61' title='bbox 1984 2366 2169 2502; x_wconf 56' lang='lat' dir='ltr'><strong>temporie</strong></span> 
     </span>
     <span class='ocr_line' id='line_1_8' title="bbox 126 2537 2167 2651; baseline -0.002 -34"><span class='ocrx_word' id='word_1_62' title='bbox 126 2544 310 2642; x_wconf 80' lang='lat' dir='ltr'><strong>vigebant</strong></span> <span class='ocrx_word' id='word_1_63' title='bbox 334 2542 645 2632; x_wconf 57' lang='lat' dir='ltr'><strong>consuetudinem</strong></span> <span class='ocrx_word' id='word_1_64' title='bbox 672 2541 866 2641; x_wconf 72' lang='lat' dir='ltr'><strong>tangitque</strong></span> <span class='ocrx_word' id='word_1_65' title='bbox 892 2540 976 2613; x_wconf 86' lang='lat' dir='ltr'><strong>sore</strong></span> <span class='ocrx_word' id='word_1_66' title='bbox 1001 2538 1149 2651; x_wconf 84' lang='lat' dir='ltr'><strong>omnia,</strong></span> <span class='ocrx_word' id='word_1_67' title='bbox 1173 2560 1271 2635; x_wconf 81' lang='lat' dir='ltr'><strong>quae</strong></span> <span class='ocrx_word' id='word_1_68' title='bbox 1296 2539 1345 2610; x_wconf 83' lang='lat' dir='ltr'><strong>ed</strong></span> <span class='ocrx_word' id='word_1_69' title='bbox 1370 2561 1432 2610; x_wconf 85' lang='lat' dir='ltr'><strong>rea</strong></span> <span class='ocrx_word' id='word_1_70' title='bbox 1457 2547 1628 2637; x_wconf 83' lang='lat' dir='ltr'><strong>apeotant</strong></span> <span class='ocrx_word' id='word_1_71' title='bbox 1648 2547 1730 2613; x_wconf 85' lang='lat' dir='ltr'><strong>tum</strong></span> <span class='ocrx_word' id='word_1_72' title='bbox 1754 2539 1920 2639; x_wconf 71' lang='lat' dir='ltr'><strong>privetu</strong></span> <span class='ocrx_word' id='word_1_73' title='bbox 1944 2537 2167 2637; x_wconf 87' lang='lat' dir='ltr'><strong>tnmpnbli·</strong></span> 
     </span>
     <span class='ocr_line' id='line_1_9' title="bbox 126 2704 2168 2806; baseline 0 -27"><span class='ocrx_word' id='word_1_74' title='bbox 126 2730 209 2800; x_wconf 81' lang='lat' dir='ltr'><strong>eae,</strong></span> <span class='ocrx_word' id='word_1_75' title='bbox 243 2719 286 2780; x_wconf 93' lang='lat' dir='ltr'><strong>nt</strong></span> <span class='ocrx_word' id='word_1_76' title='bbox 319 2731 418 2806; x_wconf 87' lang='lat' dir='ltr'><strong>quae</strong></span> <span class='ocrx_word' id='word_1_77' title='bbox 449 2708 570 2805; x_wconf 76' lang='lat' dir='ltr'><strong>ipsam</strong></span> <span class='ocrx_word' id='word_1_78' title='bbox 603 2715 812 2804; x_wconf 79' lang='lat' dir='ltr'><strong>sequentur</strong></span> <span class='ocrx_word' id='word_1_79' title='bbox 843 2704 1018 2798; x_wconf 75' lang='lat' dir='ltr'><strong>scholae,</strong></span> <span class='ocrx_word' id='word_1_80' title='bbox 1052 2707 1428 2781; x_wconf 84' lang='lat' dir='ltr'><strong>omnemmaiorum</strong></span> <span class='ocrx_word' id='word_1_81' title='bbox 1460 2713 1679 2782; x_wconf 72' lang='lat' dir='ltr'><strong>nostrornm</strong></span> <span class='ocrx_word' id='word_1_82' title='bbox 1703 2709 1820 2783; x_wconf 76' lang='lat' dir='ltr'><strong>vitam</strong></span> <span class='ocrx_word' id='word_1_83' title='bbox 1844 2706 2073 2781; x_wconf 76' lang='lat' dir='ltr'><strong>edumhme</strong></span> <span class='ocrx_word' id='word_1_84' title='bbox 2096 2723 2168 2780; x_wconf 74' lang='lat' dir='ltr'><strong>va·</strong></span> 
     </span>
     <span class='ocr_line' id='line_1_10' title="bbox 125 2859 2168 2979; baseline -0.001 -27"><span class='ocrx_word' id='word_1_85' title='bbox 125 2882 241 2955; x_wconf 80' lang='lat' dir='ltr'><strong>leant.</strong></span> <span class='ocrx_word' id='word_1_86' title='bbox 294 2881 346 2955; x_wconf 78' lang='lat' dir='ltr'><strong>At</strong></span> <span class='ocrx_word' id='word_1_87' title='bbox 377 2905 476 2979; x_wconf 83' lang='lat' dir='ltr'><strong>quoe</strong></span> <span class='ocrx_word' id='word_1_88' title='bbox 502 2880 708 2979; x_wconf 76' lang='lat' dir='ltr'><strong>seperatim</strong></span> <span class='ocrx_word' id='word_1_89' title='bbox 734 2885 867 2952; x_wconf 79' lang='lat' dir='ltr'><strong>extant</strong></span> <span class='ocrx_word' id='word_1_90' title='bbox 890 2876 984 2975; x_wconf 81' lang='lat' dir='ltr'><strong>legia</strong></span> <span class='ocrx_word' id='word_1_91' title='bbox 1010 2875 1160 2951; x_wconf 86' lang='lat' dir='ltr'><strong>Salioae</strong></span> <span class='ocrx_word' id='word_1_92' title='bbox 1185 2876 1390 2968; x_wconf 69' lang='lat' dir='ltr'><strong>editiones,</strong></span> <span class='ocrx_word' id='word_1_93' title='bbox 1414 2877 1580 2952; x_wconf 75' lang='lat' dir='ltr'><strong>rariores</strong></span> <span class='ocrx_word' id='word_1_94' title='bbox 1604 2886 1709 2972; x_wconf 81' lang='lat' dir='ltr'><strong>runt,</strong></span> <span class='ocrx_word' id='word_1_95' title='bbox 1736 2875 1866 2978; x_wconf 82' lang='lat' dir='ltr'><strong>magni</strong></span> <span class='ocrx_word' id='word_1_96' title='bbox 1888 2883 2017 2952; x_wconf 86' lang='lat' dir='ltr'><strong>antem</strong></span> <span class='ocrx_word' id='word_1_97' title='bbox 2037 2859 2168 2975; x_wconf 79' lang='lat' dir='ltr'><strong>pretii,</strong></span> 
     </span>
     <span class='ocr_line' id='line_1_11' title="bbox 94 3046 2168 3150; baseline -0.003 -21"><span class='ocrx_word' id='word_1_98' title='bbox 94 3126 96 3129; x_wconf 79' lang='grc'>,</span> <span class='ocrx_word' id='word_1_99' title='bbox 127 3076 225 3150; x_wconf 88' lang='lat' dir='ltr'><strong>quee</strong></span> <span class='ocrx_word' id='word_1_100' title='bbox 253 3075 328 3123; x_wconf 88' lang='lat' dir='ltr'><strong>una</strong></span> <span class='ocrx_word' id='word_1_101' title='bbox 355 3074 442 3123; x_wconf 88' lang='lat' dir='ltr'><strong>eum</strong></span> <span class='ocrx_word' id='word_1_102' title='bbox 468 3051 605 3123; x_wconf 78' lang='lat' dir='ltr'><strong>ceteris</strong></span> <span class='ocrx_word' id='word_1_103' title='bbox 631 3049 802 3122; x_wconf 75' lang='lat' dir='ltr'><strong>eiusdem</strong></span> <span class='ocrx_word' id='word_1_104' title='bbox 827 3047 978 3146; x_wconf 78' lang='lat' dir='ltr'><strong>generis</strong></span> <span class='ocrx_word' id='word_1_105' title='bbox 1002 3048 1261 3121; x_wconf 76' lang='lat' dir='ltr'><strong>monumentis</strong></span> <span class='ocrx_word' id='word_1_106' title='bbox 1285 3049 1527 3148; x_wconf 73' lang='lat' dir='ltr'><strong>prodienmtr</strong></span> <span class='ocrx_word' id='word_1_107' title='bbox 1561 3071 1661 3125; x_wconf 83' lang='lat' dir='ltr'><strong>nova</strong></span> <span class='ocrx_word' id='word_1_108' title='bbox 1686 3049 1802 3148; x_wconf 81' lang='lat' dir='ltr'><strong>igitur</strong></span> <span class='ocrx_word' id='word_1_109' title='bbox 1825 3048 1938 3123; x_wconf 77' lang='lat' dir='ltr'><strong>bnim</strong></span> <span class='ocrx_word' id='word_1_110' title='bbox 1964 3047 2059 3150; x_wconf 77' lang='lat' dir='ltr'><strong>legio</strong></span> <span class='ocrx_word' id='word_1_111' title='bbox 2081 3046 2168 3122; x_wconf 85' lang='lat' dir='ltr'><strong>edi·</strong></span> 
     </span>
     <span class='ocr_line' id='line_1_12' title="bbox 124 3214 2167 3335; baseline 0 -42"><span class='ocrx_word' id='word_1_112' title='bbox 124 3221 179 3293; x_wconf 93' lang='lat' dir='ltr'><strong>tio</strong></span> <span class='ocrx_word' id='word_1_113' title='bbox 205 3220 297 3316; x_wconf 88' lang='lat' dir='ltr'><strong>quin</strong></span> <span class='ocrx_word' id='word_1_114' title='bbox 323 3216 420 3291; x_wconf 87' lang='lat' dir='ltr'><strong>mibi</strong></span> <span class='ocrx_word' id='word_1_115' title='bbox 445 3227 546 3290; x_wconf 80' lang='lat' dir='ltr'><strong>esset</strong></span> <span class='ocrx_word' id='word_1_116' title='bbox 570 3216 803 3304; x_wconf 86' lang='lat' dir='ltr'><strong>edomanda,</strong></span> <span class='ocrx_word' id='word_1_117' title='bbox 830 3214 989 3287; x_wconf 89' lang='lat' dir='ltr'><strong>dubium</strong></span> <span class='ocrx_word' id='word_1_118' title='bbox 1014 3237 1098 3287; x_wconf 81' lang='lat' dir='ltr'><strong>esee</strong></span> <span class='ocrx_word' id='word_1_119' title='bbox 1123 3239 1201 3290; x_wconf 93' lang='lat' dir='ltr'><strong>non</strong></span> <span class='ocrx_word' id='word_1_120' title='bbox 1226 3221 1367 3315; x_wconf 81' lang='lat' dir='ltr'><strong>potuit3</strong></span> <span class='ocrx_word' id='word_1_121' title='bbox 1402 3222 1713 3335; x_wconf 83' lang='lat' dir='ltr'><strong>quomodovero</strong></span> <span class='ocrx_word' id='word_1_122' title='bbox 1737 3222 1977 3311; x_wconf 72' lang='lat' dir='ltr'><strong>edomarent,</strong></span> <span class='ocrx_word' id='word_1_123' title='bbox 2002 3219 2167 3295; x_wconf 77' lang='lat' dir='ltr'><strong>mutem</strong></span> 
     </span>
     <span class='ocr_line' id='line_1_13' title="bbox 124 3385 2165 3492; baseline -0.001 -24"><span class='ocrx_word' id='word_1_124' title='bbox 124 3394 344 3468; x_wconf 81' lang='lat' dir='ltr'><strong>haerebam.</strong></span> <span class='ocrx_word' id='word_1_125' title='bbox 398 3390 473 3487; x_wconf 76' lang='lat' dir='ltr'><strong>Qui</strong></span> <span class='ocrx_word' id='word_1_126' title='bbox 499 3390 601 3462; x_wconf 87' lang='lat' dir='ltr'><strong>enim</strong></span> <span class='ocrx_word' id='word_1_127' title='bbox 630 3387 859 3462; x_wconf 83' lang='lat' dir='ltr'><strong>Germanica</strong></span> <span class='ocrx_word' id='word_1_128' title='bbox 884 3385 1015 3477; x_wconf 75' lang='lat' dir='ltr'><strong>verba,</strong></span> <span class='ocrx_word' id='word_1_129' title='bbox 1042 3386 1182 3484; x_wconf 78' lang='lat' dir='ltr'><strong>glossas</strong></span> <span class='ocrx_word' id='word_1_130' title='bbox 1196 3387 1446 3490; x_wconf 77' lang='lat' dir='ltr'><strong>Maibergieoa</strong></span> <span class='ocrx_word' id='word_1_131' title='bbox 1470 3400 1622 3482; x_wconf 76' lang='lat' dir='ltr'><strong>vocant,</strong></span> <span class='ocrx_word' id='word_1_132' title='bbox 1648 3389 1725 3490; x_wconf 81' lang='lat' dir='ltr'><strong>legi</strong></span> <span class='ocrx_word' id='word_1_133' title='bbox 1749 3390 1977 3492; x_wconf 77' lang='lat' dir='ltr'><strong>adspergunt</strong></span> <span class='ocrx_word' id='word_1_134' title='bbox 2001 3389 2165 3484; x_wconf 77' lang='lat' dir='ltr'><strong>oodieee,</strong></span> 
     </span>
     <span class='ocr_line' id='line_1_14' title="bbox 123 3553 2167 3662; baseline -0.007 -20"><span class='ocrx_word' id='word_1_135' title='bbox 123 3591 149 3642; x_wconf 76' lang='grc' dir='ltr'>ι</span> <span class='ocrx_word' id='word_1_136' title='bbox 174 3565 311 3640; x_wconf 69' lang='lat' dir='ltr'><strong>ceteris</strong></span> <span class='ocrx_word' id='word_1_137' title='bbox 334 3565 512 3638; x_wconf 77' lang='lat' dir='ltr'><strong>omnibus</strong></span> <span class='ocrx_word' id='word_1_138' title='bbox 538 3587 654 3661; x_wconf 80' lang='lat' dir='ltr'><strong>quam</strong></span> <span class='ocrx_word' id='word_1_139' title='bbox 680 3564 889 3662; x_wconf 78' lang='lat' dir='ltr'><strong>plurimum</strong></span> <span class='ocrx_word' id='word_1_140' title='bbox 914 3558 1116 3650; x_wconf 69' lang='lat' dir='ltr'><strong>(libertum,</strong></span> <span class='ocrx_word' id='word_1_141' title='bbox 1142 3564 1227 3631; x_wconf 82' lang='lat' dir='ltr'><strong>utra</strong></span> <span class='ocrx_word' id='word_1_142' title='bbox 1251 3579 1345 3630; x_wconf 76' lang='lat' dir='ltr'><strong>vero</strong></span> <span class='ocrx_word' id='word_1_143' title='bbox 1370 3555 1559 3630; x_wconf 81' lang='lat' dir='ltr'><strong>librorum</strong></span> <span class='ocrx_word' id='word_1_144' title='bbox 1583 3553 1728 3628; x_wconf 79' lang='lat' dir='ltr'><strong>familia</strong></span> <span class='ocrx_word' id='word_1_145' title='bbox 1752 3555 1960 3654; x_wconf 79' lang='lat' dir='ltr'><strong>genuinum</strong></span> <span class='ocrx_word' id='word_1_146' title='bbox 1984 3553 2167 3629; x_wconf 82' lang='lat' dir='ltr'><strong>exhibeat</strong></span> 
     </span>
     <span class='ocr_line' id='line_1_15' title="bbox 125 3726 2165 3831; baseline 0 -27"><span class='ocrx_word' id='word_1_147' title='bbox 125 3741 295 3821; x_wconf 80' lang='lat' dir='ltr'><strong>textum,</strong></span> <span class='ocrx_word' id='word_1_148' title='bbox 328 3753 464 3827; x_wconf 80' lang='lat' dir='ltr'><strong>parum</strong></span> <span class='ocrx_word' id='word_1_149' title='bbox 491 3738 657 3817; x_wconf 83' lang='lat' dir='ltr'><strong>oonatat3</strong></span> <span class='ocrx_word' id='word_1_150' title='bbox 701 3739 740 3800; x_wconf 92' lang='lat' dir='ltr'><strong>et</strong></span> <span class='ocrx_word' id='word_1_151' title='bbox 766 3728 938 3826; x_wconf 75' lang='lat' dir='ltr'><strong>qumvis</strong></span> <span class='ocrx_word' id='word_1_152' title='bbox 965 3728 1065 3800; x_wconf 86' lang='lat' dir='ltr'><strong>inter</strong></span> <span class='ocrx_word' id='word_1_153' title='bbox 1087 3751 1220 3802; x_wconf 75' lang='lat' dir='ltr'><strong>omnes</strong></span> <span class='ocrx_word' id='word_1_154' title='bbox 1246 3728 1466 3821; x_wconf 71' lang='lat' dir='ltr'><strong>conveniat,</strong></span> <span class='ocrx_word' id='word_1_155' title='bbox 1505 3729 1692 3827; x_wconf 81' lang='lat' dir='ltr'><strong>optimum</strong></span> <span class='ocrx_word' id='word_1_156' title='bbox 1723 3727 2043 3831; x_wconf 58' lang='lat' dir='ltr'><strong>intemretetiotffi</strong></span> <span class='ocrx_word' id='word_1_157' title='bbox 2072 3726 2165 3804; x_wconf 75' lang='lat' dir='ltr'><strong>tub·</strong></span> 
     </span>
     <span class='ocr_line' id='line_1_16' title="bbox 126 3893 2166 3996; baseline -0.001 -24"><span class='ocrx_word' id='word_1_158' title='bbox 126 3899 266 3972; x_wconf 81' lang='lat' dir='ltr'><strong>eidium</strong></span> <span class='ocrx_word' id='word_1_159' title='bbox 299 3896 382 3967; x_wconf 83' lang='lat' dir='ltr'><strong>dari</strong></span> <span class='ocrx_word' id='word_1_160' title='bbox 415 3896 455 3966; x_wconf 90' lang='lat' dir='ltr'><strong>in</strong></span> <span class='ocrx_word' id='word_1_161' title='bbox 480 3894 713 3992; x_wconf 76' lang='lat' dir='ltr'><strong>singularum</strong></span> <span class='ocrx_word' id='word_1_162' title='bbox 739 3893 928 3991; x_wconf 71' lang='lat' dir='ltr'><strong>ghenetee</strong></span> <span class='ocrx_word' id='word_1_163' title='bbox 954 3894 1049 3992; x_wconf 78' lang='lat' dir='ltr'><strong>legin</strong></span> <span class='ocrx_word' id='word_1_164' title='bbox 1081 3893 1346 3966; x_wconf 79' lang='lat' dir='ltr'><strong>recensionem</strong></span> <span class='ocrx_word' id='word_1_165' title='bbox 1377 3894 1596 3989; x_wconf 87' lang='lat' dir='ltr'><strong>collatione,</strong></span> <span class='ocrx_word' id='word_1_166' title='bbox 1633 3894 1801 3970; x_wconf 84' lang='lat' dir='ltr'><strong>maxima</strong></span> <span class='ocrx_word' id='word_1_167' title='bbox 1835 3903 1962 3970; x_wconf 85' lang='lat' dir='ltr'><strong>tamen</strong></span> <span class='ocrx_word' id='word_1_168' title='bbox 1995 3894 2166 3996; x_wconf 78' lang='lat' dir='ltr'><strong>ipeantm</strong></span> 
     </span>
     <span class='ocr_line' id='line_1_17' title="bbox 126 4057 2166 4166; baseline 0 -27"><span class='ocrx_word' id='word_1_169' title='bbox 126 4076 184 4140; x_wconf 87' lang='lat' dir='ltr'><strong>eat</strong></span> <span class='ocrx_word' id='word_1_170' title='bbox 208 4061 426 4152; x_wconf 73' lang='lat' dir='ltr'><strong>diversitas,</strong></span> <span class='ocrx_word' id='word_1_171' title='bbox 459 4067 499 4132; x_wconf 89' lang='lat' dir='ltr'><strong>et</strong></span> <span class='ocrx_word' id='word_1_172' title='bbox 524 4057 676 4132; x_wconf 79' lang='lat' dir='ltr'><strong>ottiuam</strong></span> <span class='ocrx_word' id='word_1_173' title='bbox 701 4061 906 4157; x_wconf 77' lang='lat' dir='ltr'><strong>praecipue</strong></span> <span class='ocrx_word' id='word_1_174' title='bbox 932 4058 1024 4132; x_wconf 83' lang='lat' dir='ltr'><strong>fides</strong></span> <span class='ocrx_word' id='word_1_175' title='bbox 1049 4060 1224 4133; x_wconf 85' lang='lat' dir='ltr'><strong>habenda</strong></span> <span class='ocrx_word' id='word_1_176' title='bbox 1248 4062 1316 4154; x_wconf 75' lang='lat' dir='ltr'><strong>nit,</strong></span> <span class='ocrx_word' id='word_1_177' title='bbox 1342 4063 1466 4136; x_wconf 85' lang='lat' dir='ltr'><strong>adhue</strong></span> <span class='ocrx_word' id='word_1_178' title='bbox 1490 4062 1708 4166; x_wconf 79' lang='lat' dir='ltr'><strong>ambigitur.</strong></span> <span class='ocrx_word' id='word_1_179' title='bbox 1759 4061 1891 4161; x_wconf 81' lang='lat' dir='ltr'><strong>ltaque</strong></span> <span class='ocrx_word' id='word_1_180' title='bbox 1912 4086 2052 4164; x_wconf 78' lang='lat' dir='ltr'><strong>operae</strong></span> <span class='ocrx_word' id='word_1_181' title='bbox 2073 4086 2166 4165; x_wconf 75' lang='lat' dir='ltr'><strong>pre-</strong></span> 
     </span>
     <span class='ocr_line' id='line_1_18' title="bbox 124 4226 2168 4331; baseline 0 -26"><span class='ocrx_word' id='word_1_182' title='bbox 124 4231 223 4305; x_wconf 88' lang='lat' dir='ltr'><strong>tinm</strong></span> <span class='ocrx_word' id='word_1_183' title='bbox 248 4227 438 4301; x_wconf 79' lang='lat' dir='ltr'><strong>iacturum</strong></span> <span class='ocrx_word' id='word_1_184' title='bbox 462 4248 528 4298; x_wconf 88' lang='lat' dir='ltr'><strong>me</strong></span> <span class='ocrx_word' id='word_1_185' title='bbox 554 4249 638 4298; x_wconf 74' lang='lat' dir='ltr'><strong>enee</strong></span> <span class='ocrx_word' id='word_1_186' title='bbox 664 4226 779 4320; x_wconf 84' lang='lat' dir='ltr'><strong>duxi,</strong></span> <span class='ocrx_word' id='word_1_187' title='bbox 806 4227 838 4300; x_wconf 85' lang='lat' dir='ltr'><strong>ei</strong></span> <span class='ocrx_word' id='word_1_188' title='bbox 863 4229 1106 4322; x_wconf 84' lang='lat' dir='ltr'><strong>emendatae,</strong></span> <span class='ocrx_word' id='word_1_189' title='bbox 1132 4251 1249 4328; x_wconf 86' lang='lat' dir='ltr'><strong>quam</strong></span> <span class='ocrx_word' id='word_1_190' title='bbox 1273 4228 1421 4317; x_wconf 80' lang='lat' dir='ltr'><strong>dicum,</strong></span> <span class='ocrx_word' id='word_1_191' title='bbox 1455 4227 1603 4304; x_wconf 84' lang='lat' dir='ltr'><strong>Salieae</strong></span> <span class='ocrx_word' id='word_1_192' title='bbox 1627 4230 1702 4328; x_wconf 75' lang='lat' dir='ltr'><strong>tegi</strong></span> <span class='ocrx_word' id='word_1_193' title='bbox 1727 4228 1895 4329; x_wconf 76' lang='lat' dir='ltr'><strong>aingtrlor</strong></span> <span class='ocrx_word' id='word_1_194' title='bbox 1918 4231 2073 4307; x_wconf 74' lang='lat' dir='ltr'><strong>alteriue</strong></span> <span class='ocrx_word' id='word_1_195' title='bbox 2097 4254 2168 4331; x_wconf 78' lang='lat' dir='ltr'><strong>ge·</strong></span> 
     </span>
     <span class='ocr_line' id='line_1_19' title="bbox 125 4388 2170 4498; baseline -0 -26"><span class='ocrx_word' id='word_1_196' title='bbox 125 4399 229 4473; x_wconf 81' lang='lat' dir='ltr'><strong>neria</strong></span> <span class='ocrx_word' id='word_1_197' title='bbox 264 4392 414 4468; x_wconf 78' lang='lat' dir='ltr'><strong>eodioea</strong></span> <span class='ocrx_word' id='word_1_198' title='bbox 447 4389 501 4463; x_wconf 91' lang='lat' dir='ltr'><strong>ita</strong></span> <span class='ocrx_word' id='word_1_199' title='bbox 535 4388 797 4483; x_wconf 84' lang='lat' dir='ltr'><strong>adiunxerim,</strong></span> <span class='ocrx_word' id='word_1_200' title='bbox 831 4398 894 4484; x_wconf 91' lang='lat' dir='ltr'><strong>ut,</strong></span> <span class='ocrx_word' id='word_1_201' title='bbox 940 4392 1141 4467; x_wconf 76' lang='lat' dir='ltr'><strong>titanorum</strong></span> <span class='ocrx_word' id='word_1_202' title='bbox 1171 4395 1306 4470; x_wconf 86' lang='lat' dir='ltr'><strong>ordine</strong></span> <span class='ocrx_word' id='word_1_203' title='bbox 1337 4422 1494 4496; x_wconf 68' lang='lat' dir='ltr'><strong>prorant</strong></span> <span class='ocrx_word' id='word_1_204' title='bbox 1518 4398 1711 4498; x_wconf 77' lang='lat' dir='ltr'><strong>neglecto,</strong></span> <span class='ocrx_word' id='word_1_205' title='bbox 1743 4418 1993 4496; x_wconf 78' lang='lat' dir='ltr'><strong>quaeoamqne</strong></span> <span class='ocrx_word' id='word_1_206' title='bbox 2023 4395 2064 4471; x_wconf 89' lang='lat' dir='ltr'><strong>in</strong></span> <span class='ocrx_word' id='word_1_207' title='bbox 2089 4394 2170 4472; x_wconf 79' lang='lat' dir='ltr'><strong>ain·</strong></span> 
     </span>
     <span class='ocr_line' id='line_1_20' title="bbox 124 4519 2171 4667; baseline -0 -28"><span class='ocrx_word' id='word_1_208' title='bbox 124 4567 223 4667; x_wconf 78' lang='lat' dir='ltr'><strong>gulis</strong></span> <span class='ocrx_word' id='word_1_209' title='bbox 256 4563 365 4635; x_wconf 74' lang='lat' dir='ltr'><strong>libris</strong></span> <span class='ocrx_word' id='word_1_210' title='bbox 390 4563 505 4637; x_wconf 86' lang='lat' dir='ltr'><strong>MSG.</strong></span> <span class='ocrx_word' id='word_1_211' title='bbox 539 4563 683 4660; x_wconf 84' lang='lat' dir='ltr'><strong>pariter</strong></span> <span class='ocrx_word' id='word_1_212' title='bbox 716 4573 941 4656; x_wconf 81' lang='lat' dir='ltr'><strong>occurrunt,</strong></span> <span class='ocrx_word' id='word_1_213' title='bbox 986 4590 1064 4638; x_wconf 90' lang='lat' dir='ltr'><strong>uno</strong></span> <span class='ocrx_word' id='word_1_214' title='bbox 1095 4566 1137 4638; x_wconf 90' lang='lat' dir='ltr'><strong>in</strong></span> <span class='ocrx_word' id='word_1_215' title='bbox 1165 4575 1370 4664; x_wconf 83' lang='lat' dir='ltr'><strong>compecto</strong></span> <span class='ocrx_word' id='word_1_216' title='bbox 1401 4572 1582 4664; x_wconf 81' lang='lat' dir='ltr'><strong>poneret,</strong></span> <span class='ocrx_word' id='word_1_217' title='bbox 1621 4519 1869 4663; x_wconf 71' lang='lat' dir='ltr'><strong>omniumque</strong></span> <span class='ocrx_word' id='word_1_218' title='bbox 1894 4563 2044 4639; x_wconf 69' lang='lat' dir='ltr'><strong>Saliene</strong></span> <span class='ocrx_word' id='word_1_219' title='bbox 2073 4562 2171 4666; x_wconf 70' lang='lat' dir='ltr'><strong>legin</strong></span> 
     </span>
     <span class='ocr_line' id='line_1_21' title="bbox 125 4731 2167 4836; baseline 0.002 -28"><span class='ocrx_word' id='word_1_220' title='bbox 125 4734 392 4809; x_wconf 82' lang='lat' dir='ltr'><strong>reeenaionnm</strong></span> <span class='ocrx_word' id='word_1_221' title='bbox 426 4731 533 4829; x_wconf 85' lang='lat' dir='ltr'><strong>quaai</strong></span> <span class='ocrx_word' id='word_1_222' title='bbox 566 4731 762 4829; x_wconf 72' lang='lat' dir='ltr'><strong>synopsim</strong></span> <span class='ocrx_word' id='word_1_223' title='bbox 787 4733 897 4807; x_wconf 72' lang='lat' dir='ltr'><strong>deret</strong></span> <span class='ocrx_word' id='word_1_224' title='bbox 924 4733 1040 4808; x_wconf 86' lang='lat' dir='ltr'><strong>editio</strong></span> <span class='ocrx_word' id='word_1_225' title='bbox 1071 4745 1223 4828; x_wconf 59' lang='lat' dir='ltr'><strong>nostru</strong></span> <span class='ocrx_word' id='word_1_226' title='bbox 1256 4757 1383 4835; x_wconf 86' lang='lat' dir='ltr'><strong>neque</strong></span> <span class='ocrx_word' id='word_1_227' title='bbox 1407 4734 1676 4832; x_wconf 80' lang='lat' dir='ltr'><strong>Ripneriontm</strong></span> <span class='ocrx_word' id='word_1_228' title='bbox 1699 4735 1824 4836; x_wconf 84' lang='lat' dir='ltr'><strong>legem</strong></span> <span class='ocrx_word' id='word_1_229' title='bbox 1849 4736 1991 4812; x_wconf 68' lang='lat' dir='ltr'><strong>addere</strong></span> <span class='ocrx_word' id='word_1_230' title='bbox 2014 4735 2167 4813; x_wconf 68' lang='lat' dir='ltr'><strong>dubie·</strong></span> 
     </span>
     <span class='ocr_line' id='line_1_22' title="bbox 123 4875 2168 5012; baseline 0.008 -34"><span class='ocrx_word' id='word_1_231' title='bbox 123 4904 183 4999; x_wconf 79' lang='lat' dir='ltr'><strong>vi,</strong></span> <span class='ocrx_word' id='word_1_232' title='bbox 215 4925 354 5003; x_wconf 74' lang='lat' dir='ltr'><strong>qtram,</strong></span> <span class='ocrx_word' id='word_1_233' title='bbox 393 4905 466 4987; x_wconf 76' lang='lat' dir='ltr'><strong>etri</strong></span> <span class='ocrx_word' id='word_1_234' title='bbox 497 4904 560 4981; x_wconf 82' lang='lat' dir='ltr'><strong>vel</strong></span> <span class='ocrx_word' id='word_1_235' title='bbox 591 4905 720 4982; x_wconf 74' lang='lat' dir='ltr'><strong>reeulo</strong></span> <span class='ocrx_word' id='word_1_236' title='bbox 752 4904 964 5006; x_wconf 82' lang='lat' dir='ltr'><strong>iuniorem,</strong></span> <span class='ocrx_word' id='word_1_237' title='bbox 995 4910 1179 5012; x_wconf 71' lang='lat' dir='ltr'><strong>penitiori</strong></span> <span class='ocrx_word' id='word_1_238' title='bbox 1212 4917 1340 4989; x_wconf 85' lang='lat' dir='ltr'><strong>tamen</strong></span> <span class='ocrx_word' id='word_1_239' title='bbox 1370 4932 1476 4988; x_wconf 80' lang='lat' dir='ltr'><strong>nexu</strong></span> <span class='ocrx_word' id='word_1_240' title='bbox 1507 4906 1655 4987; x_wconf 72' lang='lat' dir='ltr'><strong>Saliene</strong></span> <span class='ocrx_word' id='word_1_241' title='bbox 1685 4931 1771 4988; x_wconf 70' lang='lat' dir='ltr'><strong>ene</strong></span> <span class='ocrx_word' id='word_1_242' title='bbox 1795 4909 2054 5009; x_wconf 77' lang='lat' dir='ltr'><strong>oonitmotam,</strong></span> <span class='ocrx_word' id='word_1_243' title='bbox 2086 4875 2168 4994; x_wconf 73' lang='lat' dir='ltr'><strong>ian</strong></span> 
     </span>
    </p>
   </div>
   <div class='ocr_carea' id='block_1_5' title="bbox 0 0 2390 5684">
    <p class='ocr_par' dir='ltr' id='par_1_5' title="bbox 0 0 2390 5684">
     <span class='ocr_line' id='line_1_23' title="bbox 0 0 2390 5684; baseline 0 0"><span class='ocrx_word' id='word_1_244' title='bbox 0 0 2390 5684; x_wconf 95' lang='lat' dir='ltr'><strong> </strong></span> 
     </span>
    </p>
   </div>
  </div>
 </body>
</html>
