4808 5686
141 136 213 212 130

243 334 320 389 LEX
341 332 420 388 sul..
438 334 491 388 Ex
510 333 596 391 COD.
617 334 747 389 GVELF.
878 272 888 455 Ι
1007 338 1083 390 LEX
1101 335 1179 389 SAL.
1199 337 1250 389 EX
1269 335 1353 394 COD.
1373 337 1516 395 Monac.
1790 340 1865 395 LEX
1883 339 1962 397 sal..
1979 343 2033 397 EX
2051 341 2137 398 COD.
2153 341 2273 399 muts.

60 614 72 623 .
135 554 245 643 fecit,
274 554 595 638 etdebitrcnidebi15
626 567 658 620 et
679 576 858 635 numerare,
909 556 981 634 ille,
1005 558 1061 644 (fui
1080 557 1160 622 miti
1175 555 1282 640 fidem
1297 557 1408 644 fecit,·
1431 571 1463 624 et
1480 553 1625 622 debitum
1672 528 1782 640 illum,
1801 561 1857 648 qui
1870 558 1951 625 ιιιὶΙιί
1962 557 2070 644 fidem
2083 558 2191 647 fecit,
2212 562 2383 653 legitimum

145 657 240 743 quale
254 653 398 720 debitum
411 653 511 720 dibint
524 653 716 721 undesrdem
729 653 859 720 fecerat.
910 653 1000 719 debit
1026 654 1210 741 nominare,
1245 660 1375 746 qualem
1400 654 1545 723 debitum
1571 658 1626 723 vel
1672 660 1752 725 milti
1766 658 1879 743 debet3
1901 671 1933 724 et
1950 656 2119 726 nominare
2133 659 2241 745 debet,
2264 662 2383 752 qualem

144 755 178 822 T
181 754 417 846 uncTunginus
430 753 532 821 dicire
545 754 650 822 debit:
672 759 862 823 Nexticun-
910 754 1031 820 undem
1049 754 1148 823 fidem
1168 754 1254 824 fecit.
1298 757 1396 824 Tunc
1407 756 1559 847 tunginus
1573 755 1626 821 di·
1674 754 1819 825 debitum
1833 756 2033 826 undefidem
2046 758 2133 829 fecit.
2163 759 2266 829 Tune
2286 759 2384 831 unai-

145 860 260 947 ligium
274 881 334 948 ego
352 860 442 924 illum
462 861 498 924 in
513 860 593 941 noo,
616 859 706 948 qnod
724 861 861 923 lexSa-
911 877 986 923 cere
997 856 1110 922 debet:
1132 863 1327 950 Nestigunte
1341 882 1402 950 ego
1411 861 1501 925 illum
1514 862 1549 925 in
1563 860 1625 924 hoc
1673 883 1735 926 nus
1762 859 1874 928 dicere
1901 858 2000 925 debet
2033 874 2083 927 et:
2122 852 2312 955 instigante
2329 882 2383 957 ega

146 960 214 1025 lica
229 958 319 1042 ubit,-
340 971 417 1023 tunc
437 956 525 1049 ipse,
548 957 686 1024 cuilidis
705 956 788 1024 facta
802 970 859 1040 est,
911 973 1019 1041 teneo,
1043 960 1132 1050 pund
1150 962 1210 1025 lex
1223 964 1339 1028 Sclica
1357 960 1477 1040 liudem
1500 973 1532 1026 et
1550 972 1627 1024 tunc
1675 964 1843 1028 Salaciam
1855 977 1944 1028 tieem
1956 962 2168 1030 illuminhoe
2178 966 2291 1049 neullo,
2305 962 2383 1057 quod

146 1057 237 1126 debit
256 1072 388 1141 testare,
411 1073 446 1124 ut
463 1058 544 1125 nulli
565 1058 656 1125 alteri
676 1081 736 1124 nec
757 1060 863 1126 solvat
910 1055 998 1149 ipse,
1021 1058 1073 1127 cui
1094 1056 1175 1124 fides
1197 1058 1281 1127 facta
1300 1075 1364 1144 est,
1387 1059 1479 1127 debit
1498 1074 1625 1142 testare,
1674 1065 1783 1129 salica
1797 1065 1858 1128 lex
1877 1062 1998 1147 baben
2021 1075 2054 1128 et
2072 1076 2150 1129 tunc
2171 1061 2256 1154 ipse,
2276 1062 2383 1133 ειιίειι

147 1181 208 1225 nec
228 1158 347 1249 pignus
371 1158 464 1226 donit
483 1157 675 1241 solucionis,
703 1158 766 1225 nisi
787 1173 860 1225 ante
911 1173 947 1224 ut
972 1160 1053 1225 nulli
1080 1158 1172 1226 alteri
1200 1183 1262 1227 nec
1289 1164 1394 1229 solvat
1420 1185 1482 1229 nec
1508 1161 1626 1252 pignus
1675 1160 1757 1228 fides
1774 1158 1870 1247 facta,
1890 1162 1987 1229 debet
2007 1174 2134 1246 testare,
2153 1176 2191 1230 ut
2206 1161 2384 1233 nullialtsri

148 1275 341 1350 conponant,
362 1258 715 1349 quodeifidemfecit3
739 1275 861 1327 etcum
913 1258 1011 1327 donet
1032 1261 1219 1347 solutionis,
1239 1262 1303 1329 nisi
1322 1276 1395 1330 ante
1415 1261 1505 1352 quod
1520 1261 1551 1328 ei
1565 1262 1628 1327 im·
1675 1285 1735 1328 nec
1753 1265 1858 1331 solvat
1877 1286 1939 1330 nec
1957 1262 2075 1355 pignus
2092 1263 2266 1334 solutionis
2282 1262 2383 1351 doust,

146 1360 281 1426 testibus
303 1362 467 1427 ambulare
495 1376 526 1428 et
547 1385 664 1452 rogare
691 1360 796 1445 debit,
827 1377 864 1428 nt
912 1362 1013 1450 pleat,
1036 1362 1126 1452 quod
1144 1362 1244 1430 fidem
1264 1363 1356 1445 fecit3
1386 1376 1418 1431 et
1438 1361 1629 1429 festinanter
1677 1376 1749 1431 ante
1771 1363 1862 1455 quod
1875 1363 1916 1432 ei
1935 1361 2085 1455 impleat,
2112 1364 2204 1456 quod
2223 1364 2324 1434 fidem
2339 1364 2384 1435 fs·

148 1461 295 1529 debitum
308 1486 400 1527 suum
422 1463 551 1529 solvere
573 1461 692 1544 dibiat3
713 1477 746 1529 et
762 1462 791 1530 si
803 1462 864 1529 nd·
912 1459 947 1527 in
962 1461 1204 1548 domumillius‚
1222 1464 1279 1554 qui
1293 1464 1325 1533 ei
1340 1462 1539 1548 fidemfeciu
1554 1487 1628 1531 cum
1676 1464 1737 1545 cit;
1758 1478 1791 1533 et
1810 1464 1858 1533 sic
1878 1463 2070 1532 festinantur
2089 1466 2133 1533 ad
2149 1464 2384 1555 dommillim

148 1565 213 1630 huc
235 1562 375 1631 noluerit
396 1564 575 1643 solverem,
598 1563 702 1629 solem
723 1562 755 1629 ei
776 1568 865 1632 cole-
913 1560 1047 1628 testibus
1075 1566 1239 1633 ambulare
1260 1566 1350 1634 debit
1376 1579 1409 1633 et
1427 1588 1544 1656 rogare
1566 1562 1629 1631 sibi
1677 1564 1734 1658 qui
1762 1564 1794 1633 ei
1821 1564 1921 1634 fidem
1941 1565 2035 1651 fecit,
2067 1590 2142 1635 cum
2167 1566 2305 1637 testibus
2324 1592 2385 1637 an-

149 1663 208 1748 cit,
240 1680 271 1731 et
290 1679 382 1747 tunc,
412 1663 441 1731 si
463 1662 494 1730 ei
516 1666 620 1732 solem
646 1666 864 1755 collegaverit,
890 1665 1059 1793 'solvere3
1082 1668 1187 1732 solem
1207 1666 1238 1732 ei
1259 1669 1374 1748 culcet,
1396 1679 1430 1733 et
1448 1668 1477 1731 si
1498 1668 1629 1734 solcul-
1676 1669 1789 1734 bulare
1809 1666 1921 1751 debet,
1944 1682 1976 1734 et
1997 1682 2092 1760 roget
2112 1666 2161 1737 ibi
2180 1666 2385 1739 dubiumn-

42 1830 46 1837 .
148 1771 209 1836 sol.
231 1768 289 1836 ΠΙ.
309 1791 407 1858 super
426 1764 629 1855 superiorem
643 1765 788 1831 debitum
807 1766 866 1833 ad·
890 1812 894 1887 μ
915 1762 1051 1848 caverit,
1073 1780 1139 1832 tres
1159 1766 1284 1836 solidos
1304 1765 1560 1858 superdebitum
1574 1790 1631 1831 su·
1677 1793 1734 1835 um
1755 1769 1900 1850 solvere3
1926 1781 1957 1836 et
1978 1766 2007 1837 si
2028 1764 2274 1856 hoc'noluerit,
2292 1774 2386 1841 solen

149 1872 213 1936 huc
234 1874 355 1951 solvat,
375 1881 440 1934 stut
459 1891 562 1955 usque
584 1866 625 1932 ad
637 1866 696 1933 IlI.
711 1865 793 1934 vicis
805 1892 867 1958 per
891 1902 894 1929 e
914 1864 1025 1957 penius
1052 1866 1157 1934 adhuc
1185 1868 1300 1949 addat,
1325 1881 1359 1933 et
1384 1865 1549 1958 usquead
1569 1866 1628 1933 ΙΠ.
1679 1868 1711 1936 ei
1739 1866 1850 1951 culcit,
1887 1883 1920 1936 et
1950 1868 1980 1937 si
2012 1869 2044 1937 ei
2074 1872 2181 1939 solem
2210 1870 2386 1957 calcaverit

149 1970 210 2036 lIl.
237 1995 305 2039 non
332 1969 424 2036 binas
453 1966 557 2034 fucire
578 1966 683 2050 debit;
715 1981 748 2035 et
767 1991 866 2059 super
891 1942 1004 2101 ivices
1029 1990 1090 2057 per
1116 1982 1182 2035 tres
1202 1965 1340 2036 novenis
1362 1969 1421 2051 (i)
1440 1966 1548 2035 facere
1570 1965 1632 2035 de·
1681 1968 1787 2039 CXX
1809 1966 1885 2037 deu.
1913 1995 1945 2061 q.
1967 1968 1992 2039 f.
2019 1972 2079 2038 sol.
2102 1970 2164 2039 HL
2183 1994 2286 2065 snper
2302 1970 2388 2041 debi-

150 2071 222 2156 lll.,
243 2086 292 2139 sta
313 2068 422 2140 omnia
440 2067 534 2151 facta,
556 2081 588 2135 et
607 2067 747 2136 noluerit
760 2068 867 2137 adhuc
914 2071 986 2149 bet3
1015 2067 1096 2134 etsi
1116 2093 1178 2159 per
1206 2068 1266 2135 III.
1295 2067 1404 2152 vices,
1432 2066 1494 2136 ista
1521 2066 1631 2137 omnia
1678 2086 1748 2139 tum
1767 2069 1898 2155 reddat,
1917 2084 1949 2137 et
1969 2071 2018 2138 sic
2036 2095 2140 2163 usqne
2159 2071 2203 2153 ad
2223 2086 2290 2141 tres
2306 2072 2387 2143 vicet

151 2195 350 2265 componere
374 2195 477 2261 usque
504 2168 547 2236 ad
578 2172 682 2239 solem
711 2169 864 2255 cubitum,
914 2168 1020 2251 facta,
1055 2168 1197 2237 noluerit
1217 2168 1324 2236 adhuc
1353 2192 1556 2260 conponere,
1575 2193 1632 2235 us·
1678 2199 1740 2266 per
1758 2186 1823 2240 tres
1844 2172 1994 2240 mannitis
2015 2172 2126 2240 facere
2146 2173 2264 2257 debota
2290 2188 2322 2243 et
2339 2198 2388 2243 su·

153 2289 186 2341 ct
204 2273 247 2340 ad
267 2296 388 2342 novem
408 2274 469 2341 sol.
495 2269 685 2354 adscendat,
714 2285 746 2336 et
767 2295 866 2365 super
916 2294 980 2361 que
1001 2268 1044 2336 ad
1063 2268 1159 2338 solid.
1178 2292 1298 2337 novem
1320 2269 1448 2337 debitus
1470 2268 1630 2354 ascendat,
1679 2299 1740 2367 per
1758 2273 1821 2341 ista
1842 2272 1953 2342 omnia
1972 2273 2058 2357 facta
2075 2274 2106 2341 si
2129 2273 2273 2344 noluerit
2291 2274 2388 2345 udhu

153 2377 295 2466 singulas
326 2371 562 2441 admoniciouis
596 2373 651 2439 vel
686 2370 729 2438 ad
762 2375 866 2442 solem
915 2372 953 2440 id
970 2384 1028 2455 est,
1048 2384 1083 2437 ut
1103 2396 1165 2460 per
1179 2370 1240 2437 Ill.
1258 2370 1330 2438 dies
1349 2356 1454 2441 solem
1475 2373 1631 2439 calcatum
1681 2398 1886 2467 conponere,
1908 2374 2075 2465 usquead
2098 2376 2244 2445 sotlx
2269 2374 2388 2445 debitus

154 2481 299 2547 colecato
318 2475 402 2544 terni
422 2474 522 2544 solidi
541 2473 729 2543 adcriscant.
915 2488 1026 2543 ternos
1045 2471 1141 2542 solid.
1165 2485 1319 2541 crescant
1681 2475 1843 2545 ascendat.
1874 2475 1964 2543 Istud
1976 2501 2038 2569 per
2048 2475 2194 2569 singulos
2207 2476 2291 2562 dies,
2309 2474 2389 2569 quod

1681 2577 1714 2644 ei
1734 2580 1784 2647 sul
1811 2576 2000 2663 culcaverit,
2028 2577 2112 2647 teani
2135 2576 2250 2649 unledi
2274 2578 2319 2651 ds
2340 2576 2387 2649 dis

1680 2677 1716 2747 in
1737 2676 1826 2747 diem
1850 2692 2003 2747 crescam.

198 2995 228 3064 ς.
248 2990 281 3055 2.
314 2983 351 3054 si
373 2985 445 3078 quis
471 2985 570 3054 fidem
596 2986 713 3056 factam
736 2984 779 3055 ad
798 2988 871 3080 pla·
959 2993 988 3066 §-
1010 2990 1042 3056 3.
1074 2985 1111 3057 Si
1131 2984 1264 3078 quidem
1284 2982 1402 3053 factam
1422 2980 1466 3050 ad
1479 2980 1634 3075 placitum
1724 2983 1754 3055 1·
1774 2979 1807 3046 3.
1839 2976 1876 3048 si
1896 3001 1958 3047 nec
1974 2977 2056 3048 fides
2076 2976 2162 3049 facta
2180 2978 2228 3049 ad
2244 2980 2390 3075 placitum

156 3088 255 3157 citum
273 3088 413 3158 noluerit
424 3091 568 3172 solvere,
590 3089 723 3156 ambulit
740 3090 782 3157 ad
795 3114 871 3182 gna-
916 3087 1096 3180 legitimum
1124 3086 1264 3156 noluerit
1291 3088 1438 3168 solvere,
1466 3099 1542 3151 tuuc
1566 3084 1632 3169 ille,
1681 3076 1862 3169 legitimum
1889 3083 2019 3149 solvere
2042 3080 2202 3167 voluerit,
2227 3096 2308 3153 tuno
2331 3084 2388 3169 ills,

156 3182 279 3257 ficuum
302 3189 368 3258 loci
387 3190 491 3274 illius,
518 3190 552 3257 in
574 3191 665 3259 cuius
691 3216 778 3285 pago
800 3216 871 3258 ma·
918 3190 972 3257 cui
997 3188 1080 3256 fides
1107 3188 1191 3255 facta
1213 3203 1276 3272 est,
1307 3188 1450 3254 ambulet
1470 3186 1513 3252 ad
1531 3185 1635 3254 festu·
1682 3180 1735 3247 cui
1752 3179 1835 3249 fides
1854 3180 1939 3248 facta
1960 3196 2025 3266 est,
2053 3184 2197 3250 ambulet
2216 3182 2261 3251 ad
2279 3184 2387 3279 gnio-

157 3290 221 3374 nit,
254 3307 286 3358 et
315 3290 506 3382 praehindat
537 3292 698 3380 fistucam,
732 3309 765 3363 et
785 3293 871 3359 dicat
920 3315 1001 3373 carn,
1021 3304 1054 3358 et
1075 3289 1161 3356 dicat
1180 3291 1335 3358 verbum:
1356 3294 1407 3354 Tu
1425 3288 1551 3379 grafio,
1572 3291 1635 3356 bo·
1681 3306 1758 3350 nem
1776 3282 1862 3350 illius
1883 3281 1965 3365 loci,
1993 3281 2029 3349 in
2056 3282 2149 3351 cuius
2174 3306 2266 3379 pago
2282 3298 2387 3371 met,

156 3393 311 3461 verbum:
352 3399 404 3459 Tu
433 3393 565 3478 Gnosio,
601 3399 696 3465 borno
719 3400 791 3479 ille,
814 3398 872 3487 qui
920 3417 971 3459 ιιιο
990 3394 1055 3474 ille,
1078 3396 1134 3482 qui
1152 3394 1232 3460 milui
1240 3392 1346 3477 fidem
1349 3389 1459 3478 fecit,
1480 3413 1575 3482 quem
1587 3393 1635 3456 le·
1684 3400 1716 3452 et
1735 3382 1914 3476 prehendat
1939 3381 2100 3467 fistucam,
2128 3381 2220 3453 dicat
2243 3386 2387 3457 verbane

159 3496 240 3562 milri
257 3494 365 3580 fldem
378 3494 472 3578 sicit,
501 3519 594 3584 quem
622 3500 764 3589 legitime
792 3499 870 3565 abio
918 3498 1032 3587 gitime
1052 3494 1135 3561 uteo
1157 3496 1376 3561 udincllutum
1394 3495 1431 3560 in
1443 3494 1523 3575 boc,
1546 3492 1636 3583 qreod
1686 3492 1737 3552 Tu
1748 3485 1873 3579 grafio,
1892 3508 1974 3577 rugo
1989 3485 2250 3571 tibiltomoillc,
2270 3490 2386 3581 quiri·

158 3600 249 3665 illum
263 3598 402 3665 iactibus
415 3599 631 3665 admallutum
644 3601 765 3682 innoc,
783 3600 873 3691 quod
921 3600 981 3662 Iex
1004 3598 1121 3663 Sulicc
1145 3599 1305 3677 contenit,
1338 3617 1399 3684 ego
1418 3617 1516 3684 super
1534 3616 1584 3659 me
1604 3607 1634 3659 et
1684 3591 1721 3656 lli
1731 3587 1839 3672 fidem
1853 3585 1962 3674 fecit,
1998 3608 2061 3678 que
2088 3589 2271 3685 legitimam
2291 3590 2385 3661 hules

159 3704 239 3767 Lex
251 3703 364 3766 Sulica
378 3700 498 3767 obiter
519 3705 673 3783 contenit,
695 3724 757 3792 ego
775 3725 873 3792 super
912 3695 1059 3784 fortuna
1074 3719 1147 3761 naeu
1158 3718 1265 3784 pono,
1287 3694 1377 3786 quod
1394 3717 1525 3761 securus
1544 3698 1634 3761 mitto
1684 3690 1879 3755 adiectionem
1895 3702 1927 3757 et
1940 3687 2175 3771 adnullamus,
2199 3692 2239 3757 in
2259 3714 2324 3785 qno
2339 3692 2387 3763 le

159 3826 210 3868 me
221 3817 251 3868 et
264 3826 361 3890 super
371 3800 544 3887 lwtunnm
555 3826 658 3869 ιιιεαιιι
668 3826 769 3893 ponc,
784 3804 874 3893 quud
921 3821 1053 3865 ιιιαιιιιιιι
1066 3820 1163 3887 super
1167 3795 1348 3881 fortunam
1360 3819 1471 3880 suum,·
1493 3795 1536 3861 ¹et
1550 3793 1636 3860 dicat
1683 3792 1790 3857 salica
1803 3793 1959 3871 continet,
1974 3802 2005 3854 et
2018 3810 2080 3881 ego
2093 3810 2251 3877 supanis
2264 3798 2387 3885 'clm

158 3918 352 3969 trecentus
380 3908 468 3970 mitte
494 3908 531 3970 in
550 3904 700 3991 fortuna
719 3928 781 3971 sua
800 3928 873 3971 ma-
921 3921 1060 3980 causam,
1073 3892 1224 3985 quantam
1237 3894 1268 3962 ei
1277 3894 1377 3962 fidem
1397 3894 1520 3964 fecerit.
1537 3894 1636 3963 Tunc
1676 3891 1825 3979 fortuna
1842 3912 2036 3981 necaponc,
2058 3888 2292 3989 quidcem
2310 3896 2386 3963 nitu

158 4028 253 4089 ncm,·
274 4017 306 4070 et
326 4004 412 4071 dicat
432 4002 474 4069 de
494 4027 638 4087 causam,
657 4001 699 4071 de
720 4019 873 4094 quantum
921 3996 1024 4090 grafio
1052 3996 1195 4065 collectis
1216 4020 1327 4064 secum
1346 4010 1471 4088 septem
1495 3995 1637 4065 rachim·
1683 3989 1965 4082 superfununam
1979 4012 2238 4077 suomnmnrun3
2259 4006 2294 4063 et
2307 3992 2387 4089 ¹elii

159 4105 192 4174 ei
207 4105 304 4172 [idem
316 4105 390 4174 sicit.
417 4104 514 4172 Tunc
522 4105 633 4174 Gralio
649 4107 787 4196 collegat
796 4108 871 4176 VII,
922 4096 1046 4189 burgiis
1063 4095 1200 4180 idoniis,
1229 4112 1262 4165 et
1288 4096 1335 4165 sic
1361 4098 1396 4165 in
1424 4122 1531 4166 casam
1548 4096 1635 4165 illins
1682 4114 1822 4174 causam,
1842 4103 1896 4156 aut
1917 4088 1959 4155 de
1977 4102 2132 4179 quantum
2153 4090 2388 4170 &fids-fd

159 4206 421 4298 llacineburgiis,
453 4221 486 4273 et
511 4202 614 4273 sicum
640 4204 720 4296 ipsis
747 4205 790 4273 ad
811 4207 873 4276 do-
922 4200 980 4293 qui
996 4198 1095 4266 fidem
1117 4197 1193 4267 fecit
1213 4200 1385 4285 ambulent,
1406 4212 1439 4266 et
1458 4213 1575 4292 rogent
1594 4197 1637 4265 il-
1684 4194 1782 4262 Tunc
1803 4190 1905 4283 grafio
1925 4190 2056 4283 colligat
2074 4214 2188 4259 secum
2204 4210 2332 4289 septen
2345 4220 2390 4267 ῃ.

158 4336 249 4378 nuun
268 4308 355 4376 illius
382 4306 438 4397 qui
458 4306 558 4373 fidem
577 4306 643 4373 sicit
663 4306 811 4391 ambolit‚
839 4324 872 4376 et
920 4306 1005 4385 lum,
1035 4300 1239 4392 sipraeseus
1266 4315 1315 4367 est
1343 4299 1401 4392 qui
1420 4300 1519 4369 fidem
1539 4299 1636 4383 fecit3
1685 4291 1862 4383 cimburgis
1881 4289 2031 4373 idoneos,
2053 4305 2086 4357 et
2105 4292 2153 4361 sic
2173 4318 2250 4365 cum
2272 4298 2390 4369 sisn-

158 4411 245 4502 rogit
271 4410 345 4478 illus
372 4407 435 4474 sibi
462 4432 614 4500 praesens
641 4423 744 4476 estum
771 4408 870 4477 fidem
921 4405 969 4474 sic
989 4402 1091 4469 dicat:
1128 4406 1343 4471 Voluntatem
1359 4418 1450 4470 tuum
1469 4404 1557 4470 solue
1574 4403 1637 4468 bc·
1683 4399 1773 4464 bulet
1796 4392 1838 4460 ad
1866 4414 1973 4459 casam
1997 4388 2086 4457 illius
2111 4393 2169 4484 qui
2194 4396 2299 4471 fidem
2314 4398 2390 4489 fud,

158 4514 241 4582 ficita
276 4518 315 4582 V
312 4516 459 4580 claritate
482 4526 539 4577 tua
560 4514 642 4579 solui
660 4514 791 4579 lioruine
810 4528 867 4596 ste,
919 4514 1005 4578 mine
1018 4511 1097 4589 isto,
1118 4506 1208 4597 quod
1222 4504 1505 4591 eifidemsecisti,
1527 4516 1558 4569 et
1571 4504 1637 4568 ele·
1686 4512 1717 4566 et
1734 4496 1820 4564 dicat
1840 4491 1885 4560 ei:
1909 4495 2392 4573 Voluntatemtuumsobelrn-

159 4618 249 4710 (pund
264 4616 367 4702 fidem
382 4615 505 4699 ficieti,
535 4627 566 4678 et
587 4615 702 4704 elegit,
732 4628 767 4679 ut
788 4617 870 4681 dures
916 4617 957 4705 gi
980 4611 1022 4677 de
1042 4609 1123 4675 duos
1143 4605 1233 4697 quod
1249 4606 1388 4671 volante
1408 4606 1545 4672 idoncos
1563 4625 1635 4669 cum
1687 4603 1766 4668 nuni
1778 4601 1853 4679 illo,
1874 4595 1964 4688 quod
1976 4598 2007 4662 ei
2012 4594 2119 4677 fidem
2131 4595 2272 4687 fecisti,
2293 4618 2327 4673 et
2341 4604 2392 4673 ὦ

158 4744 239 4812 (ptos
263 4721 401 4785 uolucris
429 4717 561 4783 aduncis
583 4737 653 4781 crau
673 4716 870 4807 necynebur-
918 4709 1171 4799 rachimburgiis
1190 4709 1285 4788 istos,
1307 4705 1562 4796 dernenjsoluere
1575 4703 1634 4769 de·
1683 4708 1862 4795 gallecum
1888 4697 1970 4765 duos
1994 4718 2075 4787 (μοι
2098 4699 2242 4769 volueris
2268 4706 2393 4777 idom

154 4827 222 4915 giis
241 4839 319 4901 stus,
345 4820 386 4885 de
414 4820 504 4909 quod
527 4820 650 4884 soluere
677 4816 783 4898 debit,
805 4818 870 4883 cd·
918 4816 978 4895 bie,
999 4823 1034 4878 ut
1047 4825 1078 4875 et
1089 4812 1236 4898 pretiare
1247 4806 1400 4887 debeant,
1422 4823 1454 4872 et
1467 4806 1531 4873 boc
1544 4805 1634 4895 ‹puod
1685 4826 1757 4871 cum
1779 4798 1999 4890 racimburffis
2024 4803 2120 4879 istos,
2160 4798 2205 4865 de
2227 4806 2323 4895 quod
2336 4804 2394 4877 201.

153 4931 305 5017 preciure
321 4923 469 5003 edbiunt,
494 4934 525 4986 et
545 4919 609 4985 linc
629 4920 773 4985 sclistum
789 4942 869 5009 pre·
918 4915 1011 4985 debis
1024 4910 1199 4979 secundum
1212 4912 1307 4976 istum
1315 4909 1478 4999 praetium
1488 4904 1632 4993 satisfu—
1683 4926 1759 4973 vere
1782 4900 1898 4983 debes,
1925 4896 2017 4992 pund
2040 4896 2241 4987 adiuncti-ure
2273 4906 2394 4993 ἀώω,

200 5098 231 5166 ¹)
250 5044 546 5151 electuarium.
592 5090 623 5158 2)
644 5091 722 5145 Glcs.
737 5088 831 5145 interl.
848 5085 973 5151 Iudicem
996 5084 1217 5139 Glos.Keron.
1234 5084 1341 5148 censu,
1360 5079 1485 5145 rnhclm
1504 5097 1572 5148 um,
1592 5077 1802 5133 recbnu.Ecc.
1823 5101 1858 5115 -
1898 5073 1924 5143 ⁸)
1942 5074 1975 5127 ln
1990 5087 2079 5169 marg.
2094 5070 2395 5135 crdcetsteulccm

153 5184 182 5251 b)
208 5184 340 5251 Inmarg.
354 5175 506 5233 nundinas.
579 5176 604 5245 ι)
626 5176 758 5248 Inmerg.
772 5168 971 5228 adtiecbttum.
1044 5162 1187 5234 ‘bl‘itlu
1203 5162 1332 5224 codas.
1347 5163 1502 5218 nmium.
1576 5161 1602 5233 ε)
1626 5158 1820 5219 ccd.Boun.
1835 5153 2017 5212 colecwent.
2091 5152 2119 5225 ¹)
2154 5156 2230 5215 God.
2243 5160 2395 5223 Banu
