4770 5684
38 220 43 229 ’
134 214 208 305 tte

164 426 290 479 nostram
308 412 425 481 venire,
442 418 474 465 ut
490 427 556 468 enm
575 408 611 467 ad
626 420 737 484 tempus
756 407 834 486 quod
849 410 934 468 nohis
953 408 1093 484 placuerit
1107 408 1138 468 in
1155 412 1276 471 exilium
1290 414 1451 486 mittamus,
1470 417 1563 478 donec
1581 418 1624 478 ibi
1638 419 1805 496 castigetur,
1822 434 1854 484 nt
1873 425 1980 487 comiti
1996 447 2050 489 suo
2067 427 2247 491 inobediens
2264 446 2328 493 esse
2341 434 2384 493 d·

163 504 250 563 terius
267 518 327 555 nou
346 498 457 565 audeat,
476 505 505 551 et
521 495 613 550 maius
631 495 766 549 damnum
785 495 854 552 inde
871 513 932 551 non
950 495 1103 553 adcrescat.

128 608 199 679 029,
213 606 255 661 14,
291 583 361 654 Ubi
387 594 586 649 sacramenta
605 579 743 647 iuranda
764 592 848 646 sont.
897 591 951 648 tlbi
968 593 1120 666 antiquitus
1143 596 1319 653 consuetudo
1336 597 1392 655 fuit
1408 601 1445 658 de
1465 601 1598 683 libertato
1620 618 1797 667 sacramenta
1820 611 1982 675 adhramire
1998 620 2047 675 vet
2071 618 2182 689 iurare,
2207 616 2252 678 ibi
2271 622 2383 681 naon

159 687 298 749 habeatur
313 694 339 739 et
353 682 394 739 ibi
405 691 581 738 sacramenta
599 680 741 749 intentum
759 683 861 736 mallus
873 688 968 735 tamen
981 696 1075 752 neque
1089 679 1120 733 in
1133 680 1252 734 ecclesia
1267 699 1360 757 neque
1378 683 1409 739 in
1427 686 1498 742 atrio
1518 688 1579 745 eius
1595 690 1748 748 habeatur:
1772 693 1886 751 minora
1902 716 1973 756 vero
1991 702 2096 775 placita
2109 702 2219 763 (loures
2231 704 2296 763 sire
2315 706 2383 765 intra

160 790 240 834 suam
258 777 437 845 potestatem,
454 769 503 820 vel
520 764 569 819 ubi
588 765 739 836 impetrare
756 763 894 836 potuerit,
917 759 1029 818 habeat.
1065 764 1204 818 Volumus
1219 763 1333 838 utique,
1359 777 1391 823 ut
1407 769 1509 829 domos
1527 775 1668 832 acumite
1684 775 1717 831 in
1732 778 1799 834 loco
1813 772 1865 835 ubi
1882 784 2001 842 mallum
2015 796 2117 843 tenere
2133 786 2225 845 debet
2240 800 2384 849 oomn-

159 868 220 925 tor,
241 865 273 910 ut
291 859 408 925 propter
425 851 549 904 calorem
565 847 635 903 solis
653 859 681 903 et
699 846 826 919 pluviam
844 846 958 917 publica
975 845 1081 901 utilitas
1098 865 1159 904 non
1178 860 1331 909 remaneat.

129 960 202 1033 ρῳ,
212 960 255 1014 15,
283 939 337 1007 De
359 934 411 1001 his
436 932 493 1024 qui
514 933 556 999 de
576 931 664 999 furto
685 930 825 998 accusati
845 929 975 997 suerint.
1011 944 1041 999 st
1057 944 1131 1001 liber
1147 948 1235 1003 homo
1255 948 1292 1005 de
1307 950 1381 1006 hrrto
1401 962 1545 1010 accusatus
1562 953 1649 1012 irretit
1666 967 1694 1014 et
1710 977 1756 1017 res
1772 962 1905 1037 proprias
1922 962 2066 1037 habuerit,
2088 967 2121 1026 in
2134 972 2225 1031 mann
2245 972 2285 1031 ad
2301 991 2382 1051 pm.

159 1042 281 1102 sentiam
295 1036 414 1095 Comitis
426 1052 457 1090 se
470 1032 642 1099 adrhamiat3
661 1043 690 1086 et
700 1032 725 1087 si
739 1049 784 1086 res
799 1028 969 1097 nonhabet,
988 1027 1168 1085 fideiussores
1181 1029 1277 1100 donet,
1296 1032 1344 1107 qui
1360 1050 1425 1089 eum
1440 1035 1600 1101 adhramire
1615 1048 1643 1095 et
1656 1040 1687 1097 in
1699 1044 1834 1115 placitum
1847 1046 1951 1104 adduci
1961 1050 2077 1109 iaciant.
2111 1056 2147 1111 Et
2158 1055 2247 1113 liceat
2258 1058 2289 1115 ei
2299 1060 2381 1133 pr'nn

158 1128 225 1188 vice
234 1142 286 1197 per
298 1127 506 1177 sacramentum
517 1133 549 1171 se
562 1115 718 1172 secundum
729 1117 822 1188 legem
835 1112 981 1178 idoneare,
994 1111 1018 1165 si
1031 1112 1170 1183 potuerit3
1189 1124 1217 1168 at
1226 1115 1250 1170 si
1264 1115 1319 1170 alia
1332 1116 1395 1172 vice
1408 1117 1464 1173 duo
1477 1122 1525 1174 vel
1538 1130 1596 1176 tres
1608 1138 1674 1178 eum
1686 1125 1806 1183 desorto
1820 1132 2026 1205 accusaverint,
2043 1134 2131 1192 liceat
2144 1138 2175 1195 ei
2188 1152 2379 1203 ceramum

159 1231 198 1273 ex
212 1211 257 1267 his
272 1225 336 1265 cum
348 1214 428 1261 scuto
443 1211 471 1257 et
485 1200 558 1255 iuste
576 1199 606 1253 in
624 1216 726 1269 campo
744 1196 926 1253 contendere.
965 1195 1048 1267 Quod
1060 1194 1085 1248 si
1097 1213 1195 1251 servus
1205 1197 1241 1251 de
1257 1199 1332 1254 furto
1349 1211 1494 1256 accusatos
1506 1203 1609 1272 luerit,
1628 1206 1763 1266 domiuus
1780 1209 1841 1267 eius
1860 1230 1914 1286 pro
1931 1230 1967 1271 eo
1984 1220 2122 1278 emendet
2139 1232 2192 1279 aot
2207 1240 2278 1285 eum
2292 1246 2378 1289 saen-

157 1305 257 1353 mento
271 1299 403 1352 excuset,
420 1284 476 1340 nisi
489 1287 543 1337 tale
556 1283 661 1336 lurtum
673 1290 866 1354 perpetratum
879 1278 982 1333 habeat
990 1317 997 1343 ‚
1016 1280 1221 1354 propterquod
1234 1281 1269 1334 ad
1283 1283 1452 1354 supplicium
1466 1286 1538 1340 tradi
1552 1285 1664 1345 debeat.

127 1396 197 1469 cap,
210 1396 251 1449 ιθ,
279 1375 334 1441 Βι
355 1370 503 1460 dispectu
524 1366 703 1432 litterarum
726 1363 973 1475 dominicarum·
1009 1377 1039 1432 Si
1056 1379 1118 1453 quis
1136 1382 1243 1438 litteras
1258 1391 1368 1439 nostras
1384 1386 1552 1457 dispexerit,
1576 1389 1606 1443 id
1625 1399 1677 1459 ost,
1694 1393 1857 1450 tractoriam
1870 1411 1944 1471 quae
1955 1408 2073 1473 propter
2082 1402 2189 1465 Missos
2204 1390 2376 1486 rem'piendas

159 1479 304 1554 dirigitur,
321 1483 367 1529 aut
384 1472 509 1526 honores
528 1484 598 1541 quos
615 1464 703 1520 habet
720 1465 843 1531 amittat,
863 1473 910 1518 aot
929 1481 959 1517 sn
977 1479 1011 1517 eo
1028 1465 1109 1530 loco,
1127 1463 1176 1520 ubi
1195 1466 1356 1538 praedictos
1374 1469 1477 1525 ltlissos
1495 1472 1640 1545 suscipere
1658 1472 1769 1544 debuit,
1793 1479 1901 1533 tamdiu
1917 1480 2041 1538 resideat
2056 1494 2087 1540 et
2104 1486 2144 1543 de
2160 1478 2221 1549 sanis
2238 1491 2323 1553 nb„
2336 1498 2375 1553 ι..

160 1563 290 1641 gatiuues
308 1558 376 1613 illuc
391 1553 541 1611 venientes
558 1549 708 1620 suscipiat,
734 1564 882 1622 quousque
900 1547 997 1601 animo
1016 1556 1114 1601 nostro
1135 1550 1306 1605 satisfactum
1325 1548 1437 1607 habeat.
1474 1554 1530 1625 Qui
1545 1573 1617 1611 vero
1636 1556 1788 1629 epistolam
1805 1569 1932 1617 nostram
1950 1581 2123 1643 quocunqne
2140 1572 2232 1631 modo
2249 1574 2372 1651 dmm.

160 1648 214 1714 rit,
239 1644 314 1701 iussu
332 1649 430 1695 nostro
450 1636 484 1689 ad
503 1634 639 1707 palatium
658 1632 756 1687 veniat
774 1641 802 1685 et
824 1632 900 1685 iuxta
918 1634 1093 1685 volrtntatem
1112 1643 1238 1688 nostram
1257 1651 1415 1705 congruam
1432 1637 1566 1692 stultitiae
1583 1640 1797 1713 castigationem
1815 1644 1953 1718 accipian
1971 1657 2000 1701 et
2016 1648 2042 1703 si
2056 1650 2149 1708 homo
2172 1656 2251 1715 lilm
2266 1660 2371 1719 vni·

159 1726 312 1787 nisterialis
330 1721 449 1818 Comitis
465 1719 520 1853 hodc
540 1715 653 1853 lpcerit,
677 1715 817 1770 honorem
836 1716 1063 1789 qualemcunque
1079 1714 1210 1770 habuerit
1232 1714 1298 1773 sive
1316 1714 1489 1774 beneficium
1506 1721 1631 1793 amittat3
1659 1733 1687 1780 et
1707 1724 1732 1782 si
1752 1742 1853 1787 servus
1870 1728 1973 1802 merit.
1989 1733 2084 1793 nudos
2095 1738 2134 1795 ad
2148 1742 2251 1814 palu
2265 1746 2370 1821 ψ

158 1823 203 1871 tur
219 1822 248 1867 et
261 1816 345 1880 caput
367 1824 427 1861 enm
447 1814 496 1857 ton
519 1819 551 1855 ea
565 1817 607 1855 ur.

126 1916 196 1989 029,
216 1914 257 1967 ll.
280 1893 334 1959 De
352 1887 480 1956 iniustis
499 1881 635 1951 teloneis
657 1897 689 1949 et
710 1879 1005 1951 consuetudinibus.
1048 1899 1093 1966 Ut,
1110 1896 1160 1953 ubi
1177 1906 1307 1970 tempore
1324 1897 1372 1954 ari
1386 1898 1476 1954 nostri
1493 1900 1600 1956 Domui
1617 1902 1732 1977 Pippini
1751 1910 1928 1968 consuetudo
1947 1912 2002 1971 fuit
2020 1912 2171 1981 teloneum
2188 1924 2271 1999 dans,
2293 1926 2367 1989 bt«

157 1982 329 2055 infuturum
345 1990 443 2055 detur;
462 2005 528 2042 narn
539 1984 588 2038 ubi
603 1984 718 2040 noviter
734 1984 879 2056 inceptum
896 1992 953 2050 est,
975 1980 1092 2037 ulterius
1108 2000 1167 2037 non
1183 1992 1290 2055 agatur.
1325 1982 1359 2036 Et
1377 1981 1427 2036 obi
1442 2000 1561 2040 necesse
1578 2004 1639 2042 non
1658 1999 1700 2044 est
1714 1988 1832 2048 lluvium
1845 1995 1971 2071 aliquem
1989 2018 2042 2073 per
2054 2018 2178 2078 pontem
2202 2020 2366 2087 umato,

158 2083 208 2140 vel
223 2078 274 2133 obi
292 2076 375 2132 nauis
394 2092 445 2146 per
456 2071 580 2127 mediam
596 2084 699 2140 aquam
718 2075 765 2120 arat
779 2065 831 2121 sub
847 2076 964 2137 pontem
982 2063 1060 2132 ierit,
1076 2074 1103 2119 et
1118 2065 1153 2118 ad
1170 2065 1260 2135 ripam
1275 2082 1335 2120 non
1350 2065 1640 2142 adpropinquaverit,
1661 2090 1757 2147 neque
1767 2074 1882 2133 »ibidem
1900 2080 2008 2157 aliquid
2023 2098 2153 2162 emptum
2169 2096 2219 2152 ,ιι
2231 2098 2365 2155 mm.

158 2174 221 2219 tom
237 2161 336 2226 luerit,
353 2148 472 2212 ullerius
493 2158 638 2209 teloneum
652 2170 712 2206 uon
726 2152 822 2220 detur3
841 2162 869 2207 et
886 2169 971 2207 nemo
993 2160 1075 2223 cogat
1090 2150 1177 2204 alium
1196 2151 1232 2204 ad
1253 2162 1371 2222 pontem
1387 2152 1437 2221 ire,
1452 2153 1501 2207 ubi
1515 2155 1594 2211 iuxta
1614 2169 1733 2231 pontem
1747 2179 1850 2237 aquam
1864 2173 2039 2239 mammeam
2049 2185 2156 2246 potet
2189 2180 2227 2237 Ep
2241 2180 2290 2257 qul
2303 2184 2364 2241 ἡ.

157 2248 218 2303 rios
236 2245 267 2300 in
277 2241 380 2298 talibus
395 2241 477 2308 locis,
496 2242 541 2294 vel
557 2241 652 2296 dehis
675 2241 722 2316 qui
743 2242 777 2295 ad
793 2240 929 2312 palatium
947 2256 997 2295 seu
1011 2238 1042 2292 in
1056 2237 1167 2294 hostem
1181 2247 1315 2311 pergunt,
1334 2240 1482 2295 teloneum
1503 2244 1692 2316 exactaverit,
1712 2265 1776 2304 cum
1793 2266 1845 2307 sua
1864 2255 1929 2328 lege
1941 2255 2037 2330 ipsum
2054 2264 2205 2323 teloneum
2218 2266 2326 2340 men,
2339 2278 2363 2327 Ι

155 2328 285 2386 bannum
306 2336 434 2382 nostrum
453 2324 482 2379 id
504 2336 546 2381 est
564 2327 750 2384 excolidus
769 2337 932 2398 componat.

126 2433 197 2505 οφ,
214 2432 255 2487 13,
280 2411 334 2478 De
355 2411 407 2477 his
428 2410 483 2501 qui
507 2410 611 2479 bonos
633 2412 784 2479 denarios
811 2412 959 2503 accipere
985 2410 1110 2478 nolunt.
1153 2425 1322 2501 Quicunque
1339 2425 1415 2481 liber
1427 2426 1514 2483 homo
1535 2427 1684 2485 denarium
1699 2448 1809 2489 merum
1821 2433 1938 2493 etberm
1950 2450 2120 2511 pensantem
2139 2444 2361 2521 reciperent*

157 2517 209 2584 rit,
225 2513 352 2569 bannum
371 2522 498 2567 nostrum
514 2510 544 2563 id
567 2522 610 2566 est
625 2514 687 2567 tx.
706 2512 814 2567 solidos
837 2518 1001 2578 componat.
1035 2510 1066 2563 Si
1089 2526 1158 2565 vero
1181 2510 1257 2565 servi
1279 2511 1477 2580 ecclesiastici,
1502 2522 1550 2567 aut
1570 2516 1734 2587 Comitum,
1762 2530 1811 2575 aut
1834 2526 2007 2582 vasallorum
2026 2538 2195 2589 neruorum
2210 2534 2267 2593 lton
2282 2534 2359 2591 hate

158 2597 411 2676 praesumpserint,
430 2598 492 2649 LX.
505 2593 607 2649 ictibus
623 2598 810 2668 vapulentur3
837 2603 884 2647 aut
902 2594 925 2647 si
938 2594 1071 2666 magister
1083 2606 1181 2646 eornm
1193 2596 1241 2648 vel
1259 2593 1413 2650 advocatus
1432 2595 1483 2670 qui
1503 2595 1577 2652 tiber
1589 2609 1631 2656 est
1651 2617 1701 2658 eos
1719 2607 1768 2662 vel
1781 2607 1889 2664 comiti
1907 2614 1957 2668 vel
1967 2611 2056 2670 blisso
2071 2626 2173 2673 nostm
2189 2616 2280 2679 iussu
2290 2634 2358 2693 μι-

158 2693 271 2742 sentare
284 2678 423 2744 noluerit,
440 2675 617 2748 praedictum
628 2675 754 2732 bannum
767 2685 895 2732 nostrum
907 2676 937 2730 id
951 2688 992 2731 est
1001 2679 1063 2730 LX.
1074 2674 1182 2731 solidos
1196 2688 1359 2750 componat.
1543 2688 1552 2699 '

121 2786 194 2858 Gap.
209 2785 249 2838 19.
278 2766 332 2833 De
354 2761 624 2829 adulteratoribus
642 2775 801 2829 monetae.
843 2782 888 2832 De
904 2777 976 2832 falsa
990 2787 1107 2831 moneta
1123 2774 1270 2847 iubemus,
1289 2781 1386 2855 utqui
1406 2799 1468 2837 eam
1487 2786 1659 2857 percussisse
1671 2792 1874 2867 comprobatus
1886 2796 1985 2869 luerit,
2003 2801 2149 2861 manasei
2162 2810 2358 2877 mm

158 2871 207 2945 qui
220 2869 277 2923 hoo
289 2864 448 2930 consensit,
470 2861 577 2917 siliber
593 2872 635 2917 est
644 2902 652 2930 ,
670 2866 731 2915 LX.
743 2860 852 2917 solidos
863 2870 1032 2933 componat,
1052 2859 1076 2915 si
1087 2878 1184 2916 servos
1198 2872 1253 2924 est,
1270 2867 1330 2920 LX.
1348 2865 1418 2921 ictus
1429 2867 1560 2939 accipiat.

123 2972 195 3042 cap,
207 2973 250 3023 ρο,
280 2952 333 3018 De
352 2944 489 3040 proprio
511 2946 677 3014 dominico
698 2946 769 3013 sine
790 2945 934 3014 iussione
955 2945 1042 3011 illius
1064 2944 1205 3014 reddito.
1241 2963 1271 3018 Si
1287 2964 1350 3038 quis
1363 2964 1509 3035 proprium
1525 2977 1667 3037 nostrum,
1687 2971 1764 3045 qood
1783 2970 1963 3034 investitura
1977 2980 2117 3055 genitoris
2132 2932 2227 3045 nostri
2238 2982 2357 3058 inindi-

160 3053 207 3110 coi
227 3057 374 3125 quaerenti
391 3048 452 3101 sine
471 3058 568 3101 nostra
586 3047 710 3102 iussione
727 3046 903 3114 reddiderit,
922 3046 998 3100 aliod
1011 3055 1119 3100 tantum
1136 3044 1221 3101 nobis
1239 3046 1276 3101 de
1286 3065 1337 3101 suo
1351 3047 1467 3117 proprio
1481 3065 1545 3103 cum
1560 3068 1610 3105 sua
1624 3055 1689 3125 lege
1701 3069 1871 3128 componat3
1889 3070 1917 3116 et
1931 3063 2096 3141 quicunque
2110 3068 2183 3127 iilud
2195 3070 2359 3147 κίοιιιμ

154 3139 262 3195 malurn
280 3131 428 3206 ingenium
445 3129 593 3204 adquirere
613 3130 776 3197 tentaverit,
795 3147 848 3202 pro
866 3128 978 3184 infideli
999 3139 1144 3195 teneatur,
1164 3127 1230 3201 quia
1244 3140 1451 3186 sacramentum
1467 3130 1611 3191 fidelitatis
1631 3138 1709 3211 qood
1729 3138 1815 3198 nobis
1832 3144 1964 3216 promisit
1975 3146 2089 3207 irritum
2102 3151 2192 3225 lecitq
2206 3154 2308 3213 ntideo
2319 3166 2358 3213 a·

155 3219 280 3277 cundum
293 3225 419 3270 nostram
432 3217 608 3268 voluntatem
622 3224 650 3268 et
663 3223 831 3286 potestatem
848 3211 1047 3267 diiudicandus
1061 3222 1112 3270 est.

121 3322 191 3394 cap,
205 3323 248 3375 ιι.
276 3301 330 3367 [)ι
351 3298 479 3391 pueris,
501 3298 611 3365 invitis
631 3297 836 3389 parentibus,
858 3296 1002 3364 detonsis
1023 3310 1056 3363 et
1072 3294 1189 3387 puellis
1207 3295 1332 3363 velatis.
1360 3311 1392 3367 Si
1403 3311 1467 3386 quis
1479 3330 1606 3384 pnenrm,
1620 3314 1718 3375 invitis
1729 3321 1903 3393 parentibus,
1915 3322 2073 3388 totonderit
2084 3341 2135 3390 ant
2148 3336 2274 3409 wellan
2289 3310 2372 3395 νὴ)

153 3404 246 3472 verit,
264 3405 356 3474 legem
370 3418 450 3463 satam
464 3399 493 3453 in
506 3399 592 3469 triplo
606 3407 775 3469 componat,
794 3407 842 3451 aot
855 3396 908 3468 ipsi
922 3415 1010 3468 puero
1026 3399 1072 3451 vel
1086 3400 1217 3467 puellae,
1238 3397 1262 3452 si
1277 3397 1332 3452 iam
1345 3414 1413 3452 suae
1429 3397 1575 3468 potestatis
1587 3411 1667 3469 sunt,
1685 3412 1733 3457 aot
1747 3403 1789 3459 illi
1802 3404 1834 3461 in
1846 3406 1926 3464 ouius
1942 3420 2085 3482 potestate
2101 3416 2226 3493 fuerim
2247 3420 2289 3481 iffi
2301 3434 2357 3481 m

154 3496 323 3563 potestatem
336 3483 459 3538 habeant
472 3482 572 3554 capitis
584 3481 641 3550 sui,
660 3491 690 3535 ut
704 3481 733 3536 in
747 3482 794 3535 tali
807 3479 905 3535 habitu
918 3489 1118 3551 permaneant,
1138 3480 1228 3552 qualis
1240 3478 1281 3535 eis
1294 3479 1508 3548 complacuerit.

121 3593 191 3665 cap,
207 3591 251 3645 ιι
276 3570 330 3637 Βι
353 3593 395 3639 ιο
418 3568 474 3659 qui
497 3568 532 3634 in
550 3566 654 3632 aliena
672 3564 776 3656 patria
801 3564 843 3630 de
865 3563 1007 3654 qualibet
1029 3586 1124 3628 causa
1139 3562 1239 3631 fuerit
1264 3563 1529 3654 interpellatost).
1572 3580 1603 3635 st
1622 3583 1686 3657 qui,
1703 3584 1734 3641 pn
1760 3587 1854 3644 ,qm
1871 3590 1976 3662 mia,
1992 3592 2043 3651 ,53
2063 3600 2115 3655 m,
2133 3602 2356 3681 mmm·

152 3680 229 3733 ninam
245 3677 294 3732 vel
313 3683 429 3746 propter
444 3671 529 3726 aliam
547 3666 703 3743 quamlibet
721 3664 905 3721 occasionem
923 3662 1039 3717 assidue
1058 3668 1221 3725 conversari
1236 3669 1322 3734 solet,
1341 3668 1377 3720 de
1397 3662 1522 3739 qualibet
1539 3682 1622 3721 causa
1636 3668 1721 3724 fuerit
1738 3670 1949 3745 interpellatos,
1967 3677 2050 3736 verbi
2064 3684 2157 3757 gratia
2168 3688 2207 3747 de
2218 3688 2357 3769 ωψὴ

153 3778 207 3818 suo
225 3760 272 3815 vel
287 3758 324 3811 de
337 3756 488 3828 mancipiis
501 3752 573 3821 suis,
592 3750 632 3806 ibi
645 3751 801 3808 secundum
817 3755 911 3824 legem
923 3767 1002 3805 suam
1021 3748 1156 3805 iustitiam
1175 3750 1275 3818 iaciat,
1299 3759 1327 3803 et
1350 3766 1415 3803 curn
1437 3746 1539 3802 talibus
1557 3750 1801 3823 coniuratoribus,
1823 3759 1922 3831 quales
1939 3760 1970 3817 in
1986 3764 2090 3821 eadem
2106 3772 2229 3847 regione
2245 3778 2292 3837 vel

153 3844 249 3905 vincia
268 3859 364 3897 secum
382 3839 488 3894 habere
504 3837 642 3909 potuerit,
660 3835 819 3907 legitimum
830 3843 1039 3890 sacramentum
1056 3832 1140 3900 ioret3
1159 3843 1281 3905 excepto
1300 3830 1401 3906 siquis
1417 3849 1481 3886 eum
1499 3832 1536 3886 de
1550 3841 1624 3889 statu
1642 3854 1714 3907 suu,
1731 3839 1760 3892 id
1777 3849 1827 3901 est,
1847 3839 1884 3897 de
1895 3842 2028 3903 libertate
2043 3865 2096 3905 soa
2111 3858 2162 3911 vel
2175 3856 2357 3921 dom

154 3947 238 4005 qoam
255 3927 281 3981 ei
295 3935 376 3997 pater
390 3942 456 3979 suras
470 3921 596 3977 moriens
616 3920 780 3994 dereliquit,
803 3917 1001 3992 appellaverit.
1037 3920 1083 3971 De
1099 3915 1143 3971 his
1162 3915 1274 3972 duobus
1292 3917 1377 3971 liceat
1392 3915 1432 3969 illi
1448 3928 1657 3973 sacramentum
1678 3920 1709 3975 in
1723 3922 1812 3994 patria
1827 3941 1893 3987 sua.
1910 3927 1940 3983 id
1959 3939 2010 3997 est,
2032 3931 2063 3987 in
2078 3936 2210 4009 legitimo
2224 3942 2357 4001 sni-sua·

152 4014 243 4072 menti
265 4016 346 4078 loco,
366 4008 517 4063 iurandum
534 4002 651 4069 offerre,
674 4012 702 4057 et
723 4002 810 4077 isqui
831 4020 895 4056 com
917 4019 952 4056 eo
974 4001 1080 4075 litigat,
1099 4000 1124 4056 si
1147 4002 1230 4068 velit,
1256 4012 1389 4077 sequatur
1409 4002 1487 4058 illum
1505 4003 1536 4058 in
1556 4005 1676 4072 patriam
1694 4025 1775 4063 suam
1792 4009 1828 4063 ad
1845 4014 2045 4087 recipiendum
2063 4018 2134 4077 illud
2152 4034 2357 4089 mam

151 4098 215 4172 ipse
234 4106 330 4151 tamen
344 4094 437 4165 primo
455 4093 484 4147 in
497 4090 600 4146 eodem
615 4090 696 4156 loco,
713 4085 742 4140 id
760 4096 802 4142 est
816 4084 866 4141 ubi
882 4087 1075 4158 interpellatus
1095 4094 1153 4153 est,
1170 4086 1323 4143 satisfaciat
1341 4097 1396 4143 tam
1412 4089 1517 4146 comiti
1543 4102 1571 4146 et
1587 4090 1729 4152 iudicibus
1752 4113 1839 4172 quam
1854 4098 2018 4158 adversario
2029 4118 2099 4175 eoo,
2115 4106 2235 4169 testibus
2248 4106 2357 4185 prober

154 4183 211 4247 do,
228 4180 305 4256 «prod
320 4198 380 4235 rem
395 4196 468 4251 qnae
481 4176 565 4244 ableo
582 4176 726 4251 quaeritur
743 4185 823 4247 pater
836 4190 902 4229 suos
917 4171 943 4227 ei
960 4169 1121 4245 dereliquit.

120 4280 190 4353 (ιν.
208 4282 252 4336 28.
275 4261 328 4328 De
351 4263 513 4353 solutione
536 4277 631 4352 atque
659 4260 941 4355 compositionet).
984 4280 1020 4331 tlt
1041 4274 1136 4331 omnis
1156 4274 1259 4331 solutio
1277 4284 1363 4349 atque
1376 4281 1562 4351 compositio,
1581 4300 1655 4359 quae
1668 4287 1699 4343 in
1716 4290 1779 4362 lege
1795 4290 1888 4348 salica
1903 4292 2080 4366 continetur,
2097 4296 2175 4359 inter
2188 4262 2358 4377 Fient!

153 4369 217 4421 ΧΗ.
235 4362 418 4419 denariorum
438 4364 547 4421 solidos
568 4375 769 4437 componatur,
794 4374 914 4436 excepto
934 4362 985 4417 obi
1006 4362 1152 4419 contentio
1170 4363 1244 4418 inter
1265 4366 1395 4418 Saxones
1412 4375 1441 4420 et
1459 4366 1603 4424 Frisiones
1618 4381 1717 4426 exorta
1733 4372 1837 4443 fuerit3
1861 4375 1903 4432 ibi
1920 4379 2058 4449 volutatos
2071 4391 2105 4439 ut
2116 4386 2180 4443 xl..
2194 4386 2357 4447 donum

152 4448 338 4525 ,imputem
354 4445 463 4503 ,olidus
477 4445 594 4517 habeat,
619 4466 704 4524 φιιιιιι
718 4452 766 4508 vel
780 4451 855 4505 Saxo
869 4451 919 4505 rel
934 4447 1024 4503 frisio
1042 4447 1078 4502 ad
1092 4457 1201 4520 partem
1216 4447 1301 4503 Salici
1313 4447 1415 4503 Franci
1432 4467 1497 4505 cum
1516 4467 1551 4507 eo
1571 4453 1708 4529 litigantis
1721 4463 1836 4518 solvere
1854 4460 1983 4535 debete).

296 4614 377 4695 vlt.
413 4615 629 4715 capitulare
647 4618 803 4695 tortium
817 4620 866 4696 A.
884 4618 1133 4715 nocem,
1153 4616 1235 4696 sive
1261 4622 1426 4721 capitula
1457 4624 1506 4701 de
1538 4627 1851 4729 interpretatione
1875 4637 1970 4744 legis
1996 4639 2198 4735 saumae.

120 4755 191 4828 Cap.
210 4759 235 4814 l.
269 4758 313 4813 De
330 4757 509 4856 capitolo-l„
536 4761 564 4817 id
584 4773 626 4819 est
648 4746 690 4815 tle
711 4747 868 4817 mannire.
926 4770 971 4823 Ite
991 4769 1047 4823 hoc
1063 4766 1186 4840 capitulo
1205 4772 1361 4831 iudicatum
1382 4786 1438 4844 est,
1463 4787 1494 4834 ut
1514 4779 1562 4835 ille
1580 4781 1628 4856 qui
1650 4785 1795 4841 mannitur
1810 4788 1933 4860 spatium
1952 4790 2140 4852 mannitionis
2157 4810 2228 4853 auae
2244 4812 2294 4871 pa
2307 4794 2357 4853 xl-

151 4851 251 4896 noctes
268 4841 384 4911 habeat3
404 4855 432 4898 et
443 4862 467 4899 st
484 4846 588 4903 (lomes
599 4848 675 4903 infra
689 4850 913 4922 supradictarum
924 4852 1053 4907 noctium
1064 4870 1213 4913 numerum
1226 4860 1344 4914 maltam
1368 4878 1455 4961 soom
1469 4846 1530 4921 iton
1544 4865 1687 4937 habuerit,
1711 4867 1804 4942 ipsum
1816 4873 1941 4945 spatium
1959 4893 2050 4953 toqtte
2068 4878 2107 4934 ad
2120 4882 2240 4937 mallum
2255 4876 2359 4939 Genii!

120 4945 522 4962 μ-ᾑ-ιῇ-

166 5072 173 5085 ·
219 4991 248 5085 ι)
271 4991 452 5064 noemmin,
483 4993 513 5049 in
534 4996 601 5068 Cap.
620 4995 683 5057 1.tt›.
702 5001 751 5057 tv.
767 5001 849 5059 c.7l.
866 4994 1024 5076 receptum,
1041 5007 1166 5060 Baloz.
1186 5005 1215 5061 io
1234 5025 1293 5063 ttno
1314 5010 1385 5081 Cod,
1406 5014 1538 5071 ltlazar.
1557 5014 1682 5085 invenit3
1708 5017 1786 5075 idem
1809 5020 1911 5083 Lind.
1930 5042 1995 5081 cont
2016 5024 2359 5099 praeonominatum

117 5078 174 5148 legs
187 5073 305 5128 Saltcae.
381 5075 412 5141 t.)
431 5080 494 5133 lloc
515 5079 599 5150 capit.
612 5082 715 5141 Lind.
734 5082 851 5140 exhibet
870 5085 1095 5143 iuteandovici
1107 5090 1137 5144 Ρ.
1152 5091 1317 5163 capitularia
1336 5094 1392 5168 legi
1416 5098 1473 5153 Sat.
1492 5098 1605 5166 addita,
1629 5118 1684 5158 nec
1702 5112 1797 5159 tamen
1814 5106 1892 5163 unde
1905 5107 2219 5173 desumseritndnctat.
2288 5114 2318 5181 ι)
2330 5114 2357 5169 ΙΙ

117 5176 177 5216 ono
197 5157 299 5212 Lind.
318 5157 389 5214 eod.
402 5158 472 5215 haec
484 5160 640 5219 adduntur:
676 5164 763 5238 Infra
775 5168 887 5225 Salices
900 5186 968 5225 vero
987 5188 1028 5225 ex
1049 5180 1173 5247 utruque
1188 5182 1275 5250 porte
1301 5174 1336 5228 de
1364 5181 1495 5235 omnibus
1510 5180 1698 5252 debitis,sicut
1720 5184 1868 5257 diximus,
1892 5195 1961 5253 XII,
1983 5190 2042 5249 dtu.
2059 5206 2118 5271 pro
2133 5198 2188 5257 nal.
2207 5196 2358 5261 ulum,

119 5238 400 5300 turonenensis
417 5248 476 5301 sive
495 5246 531 5304 dc
554 5248 684 5307 omnibus
702 5251 798 5313 retas.
920 5252 951 5324 d)
969 5257 1013 5312 lix
1026 5254 1118 5316 codd.
1131 5260 1213 5333 lteg,
1228 5268 1258 5317 et
1268 5259 1297 5316 8.
1310 5258 1409 5321 Remi
1415 5280 1443 5339 g.
1455 5264 1511 5325 hoe
1523 5266 1608 5342 capit.
1620 5268 1712 5327 edidit
1728 5272 1911 5333 Batonius.
