4808 5686
2187 164 2197 175 ’
2282 166 2375 275 1⁷ss

128 390 314 533 exlegatum
339 404 369 452 et
388 355 508 476 ¹deinde¹
529 398 610 453 detur
636 397 664 454 ei
690 398 813 471 spatium
835 397 870 454 ad
885 407 1045 472 respectum
1074 398 1109 455 ad
1127 401 1189 457 vu.
1210 407 1326 467 noctem
1350 397 1418 459 iude
1444 416 1503 455 nou
1529 374 1659 456 uectium
1685 372 1792 470 spatii,
1817 393 1871 453 sed
1894 391 2166 484 proximusmallus
2190 379 2310 445 Comitis
2327 377 2358 441 el

128 490 189 532 coa
245 487 318 538 auu.
1590 502 1591 506 =

93 589 214 677 Gap-2,
242 595 288 648 De
304 595 356 651 XI.
375 596 500 667 capitulo
517 597 589 671 legis
606 599 726 657 salicae.
760 597 874 675 siquis
898 617 1013 656 serrum
1032 601 1157 657 alienum
1179 601 1317 684 occiderit
1334 605 1382 660 eel
1401 600 1570 667 vendiderit,
1586 565 1636 660 rel
1655 599 1811 677 ingenuum
1831 592 1982 667 dimiserit,
2000 592 2135 654 mcccc
2155 586 2282 681 deutris!
2305 582 2357 664 qd

130 673 243 733 haiom
253 673 365 735 solidos
376 674 500 738 XXXV.
514 679 662 756 culpabitis
674 681 830 753 iudicetur,
846 695 968 757 excepto
982 686 1103 757 capitale
1115 697 1144 743 et
1155 688 1292 749 delatura.

197 759 319 899 iplauboo
336 763 432 860 capite
450 765 603 822 indicatum
623 777 665 824 est
684 767 721 824 ab
738 768 890 841 omnibus,
908 781 955 840 ut,
971 773 996 829 si
1014 773 1062 830 ille
1081 792 1180 832 servus
1199 775 1249 850 qui
1269 775 1373 832 iniuste
1392 771 1524 831 venditos
1540 775 1590 830 vel
1602 771 1743 843 ingennus
1757 765 1889 838 dimissus
1902 773 2035 839 apparet,
2052 781 2113 820 Μ
2126 760 2199 818 '¹¹⁶¹
2209 776 2263 834 l’¹'o
2276 774 2312 816 ⁸⁰
2322 756 2356 816 ἶ·

127 840 199 900 tooo
255 861 288 901 ns
304 848 481 918 mutuatam,
499 852 566 926 quia
578 851 716 909 disemos
727 855 831 930 aliqui,
854 857 931 932 quod
948 857 1024 913 idem
1036 875 1150 930 servus,
1168 859 1219 935 qui
1232 857 1520 965 iqgenuus'dimissus
1532 859 1638 928 luerat,
1656 857 1751 914 denuo
1770 854 1811 911 ad
1822 853 2078 914 servitiumredire
2090 864 2152 908 nou
2167 844 2287 919 debeat,
2301 842 2355 905 sed

53 946 60 957 ·
128 924 251 1001 potuim
264 937 293 984 et
304 930 424 988 domino
437 944 467 989 et
477 938 595 994 servitio
608 939 753 1022 restitutus
764 940 813 997 fiat
821 982 830 1012 ,
848 942 1059 1003 iudicaverunt.

96 1024 211 1102 ⁰4⁸·
237 1030 284 1084 ⁰0
301 1033 381 1090 xlV·
398 1035 523 1112 capitulo
540 1037 612 1111 legis
630 1038 750 1096 salicae.
770 1043 800 1097 Si
812 1043 875 1118 quis
889 1043 1030 1129 iqgenuus
1042 1042 1176 1098 ancillam
1189 1039 1313 1095 alienam
1325 1039 1357 1093 iu
1369 1037 1534 1111 coniugium
1546 1035 1703 1110 acceperit,
1727 1035 1791 1108 lpse
1802 1052 1867 1092 cnm
1880 1051 1915 1091 ea
1926 1036 1957 1093 in
1968 1033 2085 1095 servitio
2104 1033 2276 1107 implicetur·

196 1119 243 1173 lle
255 1117 311 1175 hoe
322 1121 415 1194 capite
428 1123 582 1182 iudicatum
594 1137 636 1182 est
648 1125 684 1182 ab
697 1126 846 1197 omnibus,
864 1139 903 1197 ut,
922 1130 946 1186 si
959 1130 1082 1202 ingenua
1095 1127 1202 1182 femina
1216 1124 1372 1200 quemlibet
1384 1141 1499 1183 servum
1513 1123 1544 1180 io
1558 1116 1722 1197 coniugium
1735 1121 1904 1196 sumpserit,
1921 1128 2088 1184 nouaclum
2106 1140 2172 1181 oum
2189 1120 2252 1196 ipso
2267 1136 2353 1180 servo

129 1204 164 1263 in
174 1206 293 1263 servitio
307 1220 482 1281 permaneat,
499 1213 549 1268 sed
562 1231 663 1269 omnes
675 1231 720 1269 res
733 1232 803 1288 quas
814 1215 910 1284 habet,
928 1216 953 1273 ai
965 1233 1013 1271 eas
1024 1211 1267 1287 cnm'parentibus
1279 1212 1338 1269 suis
1349 1211 1454 1268 divisas
1467 1222 1553 1287 tenet,
1571 1212 1606 1268 ad
1620 1212 1779 1295 dominum,
1792 1212 1871 1268 cuius
1885 1208 2000 1268 serrum
2013 1210 2043 1266 in
2055 1205 2220 1282 coniugium
2234 1202 2352 1291 accepit,

10 1288 20 1311 ‘
130 1295 318 1369 ponentium
333 1298 396 1352 etsi
408 1315 473 1352 curn
488 1289 652 1371 parentibus
667 1300 725 1379 spis
741 1317 786 1355 res
799 1310 931 1373 paternas
945 1304 992 1358 vel
1008 1310 1149 1355 maternas
1163 1317 1225 1355 non
1236 1297 1349 1365 divisit,
1367 1314 1422 1354 neo
1435 1297 1520 1353 alicui
1538 1299 1686 1373 quaerenti
1705 1298 1894 1372 respondere,
1914 1313 1969 1353 nec
1987 1311 2052 1352 oum
2068 1293 2126 1350 sois
2144 1287 2299 1348 herodibus
2320 1287 2353 1347 ιι

92 1442 97 1453 ,
130 1399 227 1439 rerum
248 1393 429 1456 paternarum
450 1384 611 1441 hereditate
623 1389 698 1442 ntea
716 1385 827 1467 divipor
838 1385 976 1444 accedere
988 1385 1088 1459 possit.
1121 1385 1259 1441 Similiter
1279 1391 1308 1439 et
1328 1381 1353 1440 si
1371 1384 1497 1442 Francus
1517 1385 1607 1444 bonae
1624 1384 1741 1444 alterius
1754 1385 1887 1442 ancillam
1900 1383 1932 1441 io
1944 1380 2109 1457 coniugium
2125 1377 2294 1453 sumpseris,
2309 1377 2353 1439 ais

129 1466 296 1525 sapiendum
308 1485 370 1523 esse
382 1466 588 1527 iudicaverunt.
841 1463 844 1472 '
1053 1478 1058 1485 ’
2136 1478 2141 1489 -
2262 1470 2265 1476 -

93 1568 305 1717 Commium
319 1567 357 1624 de
375 1568 478 1626 eodem
495 1571 631 1645 capitulo.
671 1572 786 1650 Siquis
810 1590 932 1631 uxorem
951 1573 1080 1631 alienam
1094 1574 1167 1635 vivo
1187 1574 1292 1632 marito
1313 1574 1423 1644 tuerit,
1447 1575 1558 1634 Vtttlt.
1579 1573 1706 1635 demtus
1729 1575 1779 1652 qui
1796 1574 1903 1632 facium
1927 1571 2037 1632 solidos
2048 1570 2105 1630 00.
2126 1567 2278 1646 malpebilis
2298 1566 2349 1628 iu-

228 1674 252 1718 f·

202 1749 249 1803 lle
260 1746 316 1804 boc
331 1748 455 1822 capitolo
469 1747 623 1819 iudicatum
641 1759 698 1816 est,
717 1759 747 1803 ut
759 1749 828 1808 viro
842 1751 954 1820 marito,
974 1751 1019 1808 coi
1035 1751 1139 1809 eadem
1152 1771 1227 1809 uxor
1238 1745 1337 1810 contm
1348 1756 1442 1830 legem
1457 1754 1599 1813 subtracta
1615 1755 1724 1827 luerat,
1741 1750 1778 1811 ab
1797 1753 1848 1810 illo
1860 1752 1910 1830 qui
1925 1749 2032 1815 eamssei
2050 1749 2156 1810 iniuste
2169 1751 2275 1808 tulerat
2287 1730 2361 1811 cun⁸

132 1836 198 1910 lege
208 1833 319 1890 reddita
332 1834 382 1890 fiat
395 1836 599 1910 suprascripta,
615 1835 645 1890 id
660 1845 703 1891 est
716 1838 772 1894 CC.
787 1836 897 1892 solidis.

97 1935 172 2012 Cep.
185 1937 212 1994 6.
237 1937 409 1993 naxxv1.
428 1937 562 2009 capitulo.
597 1937 628 1992 Si
641 1939 704 2010 quis
716 1955 786 2010 puer
801 1937 875 1993 infra
891 1938 956 1993 xtt.
969 1954 1059 1992 anuos
1074 1935 1199 2011 eliquans
1213 1935 1326 2006 culpam
1337 1933 1527 2002 commiserit,
1544 1934 1642 1992 fredus
1656 1935 1684 1992 ei
1695 1954 1755 1992 non
1767 1936 1936 2013 requiretur.
2055 1974 2062 1998 ,

199 2022 247 2076 De
265 2020 321 2077 boc
340 2020 464 2093 capitulo
479 2021 635 2077 iudicatum
654 2033 710 2090 est,
735 2034 774 2093 ot,
794 2025 817 2080 si
834 2024 929 2079 iulans
948 2023 1022 2078 iufra
1040 2028 1104 2081 xll.
1127 2040 1217 2079 annos
1233 2041 1279 2079 res
1296 2023 1411 2080 alterins
1426 2025 1532 2079 iniuste
1548 2024 1605 2080 sibi
1626 2023 1817 2096 usurpaverit,
1842 2041 1891 2080 eas
1913 2031 2036 2096 excepto
2052 2021 2135 2079 fredo
2148 2023 2355 2095 contegam

133 2116 304 2180 componat,
331 2115 359 2161 et
376 2107 416 2162 ita
434 2108 596 2163 manniatur
613 2108 685 2163 sicut
704 2109 753 2163 ille
766 2109 891 2164 manniri
915 2110 960 2165 cui
980 2120 1078 2166 contra
1093 2113 1186 2182 legero
1212 2108 1297 2176 fecit,
1331 2117 1360 2163 et
1378 2109 1417 2163 ita
1435 2127 1451 2163 a
1469 2111 1580 2168 comite
1600 2111 1636 2166 ad
1656 2113 1770 2167 mallum
1791 2128 1872 2167 suum
1890 2108 2062 2178 adducatur,
2090 2106 2163 2163 sicut
2182 2109 2232 2164 ille
2251 2103 2356 2161 adduci

133 2201 229 2266 potest
240 2192 287 2248 cui
305 2201 407 2248 contra
419 2192 512 2264 legem
526 2193 601 2248 lecit.
637 2197 682 2249 De
694 2193 852 2250 hereditate
870 2212 940 2254 vero
954 2205 1072 2270 paterna
1085 2197 1133 2251 vel
1153 2203 1281 2249 materna
1296 2193 1322 2251 si
1343 2192 1446 2268 aliquis
1464 2214 1530 2255 eum
1547 2195 1728 2269 interpellare
1745 2193 1883 2264 voluerit,
1907 2211 1999 2270 usqne
2018 2194 2053 2249 ad
2073 2193 2196 2268 apetiam
2214 2196 2279 2249 xlv.
2299 2209 2356 2249 ῃ.

133 2294 238 2334 norum
252 2287 404 2347 expectare
418 2276 572 2333 iudicatum
588 2287 639 2335 est.

96 2359 170 2432 (lap.
183 2361 209 2417 6.
243 2360 400 2415 iudicatum
420 2371 463 2417 est
480 2359 516 2414 ab
539 2363 688 2432 omnibus,
706 2373 744 2433 ut,
763 2367 788 2423 si
804 2370 927 2424 Francus
944 2368 1032 2424 bomo
1050 2371 1098 2425 rel
1121 2369 1244 2442 ingenua
1260 2366 1368 2422 femina
1389 2366 1420 2422 io
1439 2366 1586 2422 servitium
1597 2375 1701 2438 sponte
1711 2380 1762 2419 aua
1776 2379 1808 2418 se
1820 2360 2028 2436 implicaverit,
2045 2372 2076 2418 ut
2089 2363 2113 2418 si
2128 2381 2173 2421 res
2186 2380 2267 2432 suas,
2285 2363 2355 2420 dum

134 2445 168 2504 iu
185 2445 319 2502 libertate
336 2466 387 2503 sua
408 2448 612 2519 permanebat,
640 2451 675 2505 ad
697 2443 845 2509 ecclesiam
861 2456 915 2510 Dei
932 2465 979 2509 aut
998 2453 1115 2510 cuilibet
1133 2453 1242 2529 legibus
1263 2452 1391 2520 tradidit,
1418 2452 1481 2524 ipse
1500 2452 1546 2509 cui
1567 2451 1687 2508 traditae
1702 2449 1807 2506 fuerim
1828 2466 1877 2505 eas
1891 2448 1999 2507 babere
2012 2459 2041 2506 et
2053 2459 2151 2508 tenere
2165 2453 2272 2526 pessit,
2287 2447 2355 2509 etei

133 2529 209 2588 filios
225 2533 274 2589 vel
287 2530 374 2597 filias,
394 2531 460 2586 dnm
476 2531 507 2587 in
519 2551 570 2589 sua
583 2534 636 2589 luit
652 2535 797 2605 libertate,
816 2540 978 2611 generavit,
997 2539 1053 2612 ipsi
1066 2538 1150 2594 liberi
1165 2547 1360 2611 permaneant.

97 2621 168 2708 cap.
179 2635 209 2693 7.
234 2638 280 2689 De
299 2636 439 2690 xxxvl.
457 2635 592 2707 capitulo.
628 2636 660 2692 Si
679 2637 742 2711 quis
762 2656 860 2696 servus
877 2640 1025 2696 homiuem
1042 2640 1199 2714 ingenuom
1218 2637 1367 2699 occiderit,
1390 2637 1452 2710 ipse
1475 2633 1620 2691 homicida
1634 2651 1688 2707 pro
1704 2632 1860 2689 medietate
1880 2635 2098 2708 compositionis
2114 2637 2281 2712 parentibus
2297 2639 2355 2694 lae-

133 2718 220 2779 minia
234 2721 321 2777 occisi
334 2721 474 2782 tradetur,
491 2730 520 2776 et
536 2721 622 2778 aliam
636 2721 819 2779 medietatem
835 2725 968 2782 dominus
979 2725 1055 2783 servi
1065 2741 1097 2782 se
1110 2723 1223 2780 noverit
1234 2720 1419 2790 solviturum,
1437 2731 1484 2777 aut
1495 2718 1520 2776 si
1530 2721 1625 2794 legem
1637 2718 1824 2788 intellexerit,
1841 2719 1947 2792 poterit
1957 2738 1990 2778 ae
2001 2721 2167 2793 obmallase,
2187 2733 2228 2780 ιιι
2236 2724 2353 2783 leodem
2383 2796 2386 2803 Ι

131 2825 194 2865 m
204 2809 409 2968 boibibuusm
428 2888 466 2945 de
481 2888 674 2946 ecclesiastico
696 2900 743 2946 aut
759 2889 944 2947 beneficiario
964 2893 1013 2946 rel
1034 2890 1149 2946 alterius
1168 2878 1308 2962 personae
1328 2902 1412 2943 servo
1433 2884 1634 2955 discretionem
1651 2886 1701 2942 lex
1715 2885 1798 2955 lacit,
1817 2887 1842 2944 si
1855 2887 1894 2945 ita
1911 2891 2097 2959 ecclesiastici
2115 2905 2163 2952 ant
2175 2892 2354 2958 benebmarii

135 2977 213 3038 servi
225 2977 296 3033 sicut
312 2974 470 3030 liberorum
485 2976 557 3030 tradi
569 2984 617 3030 aut
629 2975 735 3031 dimitti
749 2984 881 3047 possunt,
901 2976 936 3030 ad
949 2975 1201 3050 interrogationem
1211 2971 1320 3027 Domni
1335 2969 1514 3043 Imperatoris
1526 2985 1673 3026 reservare
1685 2972 1847 3028 evaluerunt.

100 3085 171 3157 Cap.
186 3083 212 3138 8.
247 3082 293 3134 De
311 3082 415 3135 XLVI.
437 3078 576 3150 capitulo,
604 3077 632 3132 id
658 3088 715 3144 est,
739 3079 788 3153 qui
808 3079 924 3135 viduam
946 3079 977 3134 in
994 3077 1158 3151 coniugium
1178 3076 1309 3149 accipere
1319 3078 1395 3143 vult,
1413 3076 1733 3141 indicaveruntomaes,
1746 3088 1778 3134 ot
1791 3095 1851 3133 oon
1864 3078 2026 3137 itasicutio
2042 3086 2208 3158 legesalica
2219 3086 2356 3158 seriptum

135 3180 180 3230 est
194 3186 259 3226 eam
281 3166 417 3237 accipiat,
442 3163 492 3219 sed
514 3181 578 3218 cum
602 3172 786 3236 parentorum
807 3180 949 3220 consensu
961 3172 998 3226 ,et
1019 3166 1181 3232 voluntate,
1205 3163 1286 3221 relsu
1302 3177 1394 3237 osque
1414 3177 1491 3216 nunc
1511 3168 1705 3218 antecessores
1720 3177 1820 3219 eorum
1840 3163 1982 3235 lecerunt,
2000 3159 2033 3224 io
2042 3170 2206 3245 coniugium
2218 3172 2274 3230 sibi
2289 3192 2354 3231 sara
2385 3164 2391 3171 ’

32 3346 51 3387 a
100 3268 284 3438 0³:2¹·th
304 3357 421 3411 nvn.
439 3355 583 3427 capitulo,
617 3335 673 3402 De
693 3357 734 3402 eo
754 3329 812 3422 qui
834 3331 945 3399 viltam
960 3328 1091 3397 alterius
1109 3326 1326 3422 occupaverit
1385 3341 1854 3416 Deboocapitoloiodicareroot,
1871 3347 2356 3413 utnullusvillamaotreaalterios

19 3479 24 3485 ·
134 3444 277 3525 migrandi
295 3444 385 3519 gratia
402 3459 455 3517 per
473 3459 565 3496 annos
583 3449 683 3495 tenere
703 3438 751 3493 rel
766 3433 915 3507 possidere
933 3430 1037 3503 possit,
1055 3431 1106 3487 sed
1121 3432 1151 3487 in
1170 3445 1339 3507 quecunque
1353 3427 1400 3484 die
1415 3428 1533 3482 invasor
1553 3429 1667 3484 illarum
1682 3445 1778 3485 remam
1793 3429 2094 3506 interpellatusluerit,
2112 3447 2161 3493 aut
2176 3439 2294 3497 easdem
2308 3459 2354 3500 res

134 3529 283 3613 quaerenti
294 3529 412 3596 reddat,
431 3537 478 3583 aut
490 3544 552 3594 eas,
570 3524 595 3581 si
610 3532 718 3596 potest,
733 3521 813 3576 iuxta
827 3522 919 3592 legem
933 3533 965 3572 se
981 3515 1165 3572 defendendo
1178 3515 1235 3572 sibi
1244 3515 1388 3571 vendicet.

101 3640 174 3711 cap.
194 3638 235 3688 ιο.
267 3636 312 3686 De
329 3629 475 3687 affatomie
493 3627 627 3682 dixerunt
644 3620 722 3698 quod
739 3618 853 3675 traditio
871 3617 979 3671 fuisset
1014 3620 1060 3673 De
1079 3618 1135 3672 hoc
1154 3616 1280 3690 capitolo
1296 3615 1523 3681 iudicatumest,
1546 3622 1586 3684 ot,
1604 3612 1677 3671 sicot
1695 3632 1748 3690 per
1766 3618 1883 3692 longam
1903 3618 2140 3677 consuetudinem
2162 3630 2357 3686 eetecessoras

136 3736 236 3777 eorum
247 3715 385 3771 facientes
397 3712 571 3778 habuerunt,
590 3710 630 3765 ita
644 3715 673 3764 et
688 3721 788 3762 ornnes
801 3702 850 3777 qui
864 3704 929 3772 lepe
940 3699 1033 3756 Salica
1046 3701 1150 3759 vivunt
1163 3701 1278 3757 inantea
1291 3698 1413 3756 habeam
1428 3710 1458 3756 et
1469 3700 1585 3756 faciant.

100 3826 173 3895 Gap.
190 3823 233 3878 11.
267 3819 302 3872 ιιι
320 3816 376 3872 boo
396 3814 611 3877 iudicaverunt,
634 3819 665 3864 ut
679 3808 703 3865 si
720 3823 818 3863 servus
836 3804 963 3859 chartam
980 3801 1163 3877 ingenuitatis
1181 3801 1329 3873 adtulerit,
1353 3804 1380 3859 si
1395 3819 1494 3860 servus
1512 3801 1640 3859 eiusdem
1655 3802 1769 3858 chartae
1781 3813 1925 3860 auctorem
1935 3804 2092 3878 legitimum
2103 3804 2210 3864 babere
2222 3825 2285 3866 noo
2297 3828 2354 3886 po·

134 3904 237 3972 tuerit,
256 3902 376 3960 domino
387 3899 465 3957 servi
476 3899 566 3969 ipsam
576 3896 701 3951 chartam
712 3893 815 3947 falsare
825 3887 920 3945 liceat

101 4012 172 4084 Cap.
188 4011 230 4066 12.
265 4009 300 4062 Et
320 4007 376 4062 boc
396 4003 608 4067 indicaverunt,
625 4007 656 4053 ut
677 3994 771 4051 omnis
790 3991 839 4068 qui
858 3989 939 4046 alteri
955 3989 1064 4064 aliquid
1084 3987 1193 4065 quaerit
1211 3986 1356 4043 licentiam
1375 3982 1478 4084 babest
1497 3983 1575 4080 prius
1593 4000 1645 4039 ana
1663 3983 1826 4080 testimonia
1840 3985 2001 4058 producere
2014 3999 2113 4046 contra
2129 4009 2209 4062 eum;
2226 4003 2255 4049 et
2266 3993 2290 4050 si
2305 3996 2355 4054 ille

136 4094 192 4169 eni,
208 4091 352 4169 quaeritur
369 4087 489 4155 dixerit,
509 4085 585 4162 quod
605 4080 717 4156 legibus
740 4085 833 4133 teneat
852 4093 886 4130 ea
907 4092 980 4148 quae
997 4085 1089 4142 tenet,
1107 4084 1135 4130 et
1155 4073 1221 4169 talia
1237 4082 1304 4130 sunt
1320 4082 1482 4132 testamenta
1501 4087 1549 4144 qua
1565 4069 1620 4165 hoc
1635 4079 1775 4166 veraciter
1788 4069 1936 4165 adfirmare
1954 4072 2078 4144 possint,
2096 4074 2311 4150 iudicaverunt,
2324 4093 2356 4140 os

138 4178 222 4235 boios
234 4176 276 4232 rei
288 4176 394 4235 veritas
407 4171 567 4230 secundum
581 4166 706 4241 capitula
717 4161 826 4221 Domni
841 4158 1040 4233 imperatoris,
1060 4175 1134 4235 quae
1149 4173 1228 4232 prius
1240 4174 1295 4233 pro
1308 4158 1373 4231 lege
1387 4155 1512 4212 tenenda
1526 4162 1686 4220 consuluit,
1703 4169 1747 4208 res
1756 4164 1861 4211 veritas
1879 4155 2091 4230 comprobetur.

151 4348 256 4426 vlll.
306 4346 521 4450 Cepitulere
541 4335 843 4434 A.DCCCXX.,
865 4332 1127 4434 sivecupitule
1149 4332 1236 4406 dala
1258 4324 1592 4427 apudl'heodouis
1611 4324 2118 4420 villun,tt.1tcccxx.tn
2135 4335 2306 4437 gemui
2354 4350 2359 4362 ·

1043 4451 1178 4553 populi
1197 4454 1401 4526 conventu.

99 4643 170 4712 Q„
187 4609 223 4695 ss
235 4617 291 4686 De
304 4612 451 4709 capitulis
463 4607 640 4704 praeterito
651 4599 869 4675 amoadditis
880 4597 947 4693 legi
954 4597 1088 4668 Salicae·
1122 4613 1300 4712 Generaliter
1311 4629 1413 4710 omnes
1426 4612 1625 4682 admonemus,
1643 4622 1675 4668 ιιι
1688 4611 1827 4711 capitula,
1846 4631 1921 4689 quae
1933 4616 2085 4690 praeterito
2101 4635 2179 4679 anuo
2208 4620 2267 4700 tagi
2280 4622 2357 4683 salt·

134 4739 187 4782 cas
205 4738 259 4798 per
275 4715 405 4779 emnium
415 4728 586 4774 consensum
602 4707 736 4768 addenda
747 4723 810 4766 ease
822 4703 996 4769 censuimus,
1015 4700 1073 4797 ιφ
1085 4717 1147 4758 noa
1158 4701 1275 4756 ulturus
1289 4698 1429 4772 capitula,
1445 4696 1497 4754 aed
1514 4707 1623 4778 tanton
1637 4700 1686 4754 tex
1698 4698 1842 4768 ducantur,
1860 4699 1950 4759 immo
1963 4718 2016 4775 pro
2034 4704 2100 4778 lage
2109 4711 2268 4768 amum,

1539 4843 1579 4853 .-
1595 4844 1636 4853 η...

1909 4890 2070 4982 ,at
