<?xml version="1.0" encoding="UTF-8"?>
<!DOCTYPE html PUBLIC "-//W3C//DTD XHTML 1.0 Transitional//EN"
    "http://www.w3.org/TR/xhtml1/DTD/xhtml1-transitional.dtd">
<html xmlns="http://www.w3.org/1999/xhtml" xml:lang="en" lang="en">
 <head>
  <title>
</title>
<meta http-equiv="Content-Type" content="text/html;charset=utf-8" />
  <meta name='ocr-system' content='tesseract 3.04.00' />
  <meta name='ocr-capabilities' content='ocr_page ocr_carea ocr_par ocr_line ocrx_word'/>
</head>
<body>
  <div class='ocr_page' id='page_1' title='image "./lexsalicaexvari00laspgoog/lexsalicaexvari00laspgoog_0127.png"; bbox 0 0 4808 5686; ppageno 0'>
   <div class='ocr_carea' id='block_1_1' title="bbox 162 194 2330 491">
    <p class='ocr_par' dir='ltr' id='par_1_1' title="bbox 162 194 2330 491">
     <span class='ocr_line' id='line_1_1' title="bbox 2253 194 2330 275; baseline 0.026 -1"><span class='ocrx_word' id='word_1_1' title='bbox 2253 194 2330 275; x_wconf 81' lang='grc'><strong>109</strong></span> 
     </span>
     <span class='ocr_line' id='line_1_2' title="bbox 162 310 2199 491; baseline 0.016 -77"><span class='ocrx_word' id='word_1_2' title='bbox 162 350 267 419; x_wconf 75' lang='grc' dir='ltr'>,ιιι</span> <span class='ocrx_word' id='word_1_3' title='bbox 281 351 432 417; x_wconf 73' lang='lat' dir='ltr'>cmx</span> <span class='ocrx_word' id='word_1_4' title='bbox 448 353 536 416; x_wconf 82' lang='lat' dir='ltr'>eon.</span> <span class='ocrx_word' id='word_1_5' title='bbox 552 355 670 416; x_wconf 78' lang='lat' dir='ltr'>svm.</span> <span class='ocrx_word' id='word_1_6' title='bbox 912 407 916 413; x_wconf 96' lang='lat'><strong>.</strong></span> <span class='ocrx_word' id='word_1_7' title='bbox 992 361 1070 420; x_wconf 80' lang='lat' dir='ltr'>mx</span> <span class='ocrx_word' id='word_1_8' title='bbox 1085 310 1168 422; x_wconf 77' lang='lat' dir='ltr'>sti.</span> <span class='ocrx_word' id='word_1_9' title='bbox 1185 367 1404 428; x_wconf 62' lang='lat' dir='ltr'>munera„</span> <span class='ocrx_word' id='word_1_10' title='bbox 1585 311 1591 491; x_wconf 62' lang='lat' dir='ltr'>J</span> <span class='ocrx_word' id='word_1_11' title='bbox 1758 338 1862 436; x_wconf 77' lang='lat' dir='ltr'>¹nnn</span> <span class='ocrx_word' id='word_1_12' title='bbox 1880 383 2199 449; x_wconf 78' lang='lat' dir='ltr'>nrvmronvu·</span> 
     </span>
    </p>
   </div>
   <div class='ocr_carea' id='block_1_2' title="bbox 63 750 1957 997">
    <p class='ocr_par' dir='ltr' id='par_1_2' title="bbox 63 750 1957 997">
     <span class='ocr_line' id='line_1_3' title="bbox 63 750 1957 997; baseline 0.022 -116"><span class='ocrx_word' id='word_1_13' title='bbox 63 811 147 895; x_wconf 67' lang='lat' dir='ltr'>Tit.</span> <span class='ocrx_word' id='word_1_14' title='bbox 176 811 316 945; x_wconf 87' lang='lat' dir='ltr'>my.</span> <span class='ocrx_word' id='word_1_15' title='bbox 377 812 437 889; x_wconf 87' lang='lat' dir='ltr'>Do</span> <span class='ocrx_word' id='word_1_16' title='bbox 468 812 685 903; x_wconf 72' lang='lat' dir='ltr'>homicidiis</span> <span class='ocrx_word' id='word_1_17' title='bbox 714 817 782 894; x_wconf 91' lang='lat' dir='ltr'>In·</span> <span class='ocrx_word' id='word_1_18' title='bbox 836 815 915 896; x_wconf 78' lang='lat' dir='ltr'>Tit.</span> <span class='ocrx_word' id='word_1_19' title='bbox 949 818 1094 900; x_wconf 83' lang='lat' dir='ltr'><strong>XLIII.</strong></span> <span class='ocrx_word' id='word_1_20' title='bbox 1153 826 1213 902; x_wconf 87' lang='lat' dir='ltr'>De</span> <span class='ocrx_word' id='word_1_21' title='bbox 1244 827 1460 908; x_wconf 76' lang='lat' dir='ltr'>homicidiis</span> <span class='ocrx_word' id='word_1_22' title='bbox 1492 831 1554 908; x_wconf 90' lang='lat' dir='ltr'>in·</span> <span class='ocrx_word' id='word_1_23' title='bbox 1597 750 1957 997; x_wconf 50' lang='lat' dir='ltr'>ffijffljnlqignkg.</span> 
     </span>
    </p>
   </div>
   <div class='ocr_carea' id='block_1_3' title="bbox 311 934 1842 1033">
    <p class='ocr_par' dir='ltr' id='par_1_3' title="bbox 311 934 1842 1033">
     <span class='ocr_line' id='line_1_4' title="bbox 311 934 1842 1033; baseline 0.012 -44"><span class='ocrx_word' id='word_1_24' title='bbox 311 934 539 1016; x_wconf 82' lang='lat' dir='ltr'>genuormn.</span> <span class='ocrx_word' id='word_1_25' title='bbox 1076 949 1300 1027; x_wconf 79' lang='lat' dir='ltr'><strong>genuorum.</strong></span> <span class='ocrx_word' id='word_1_26' title='bbox 1712 982 1812 1033; x_wconf 61' lang='lat' dir='ltr'>mm,</span> <span class='ocrx_word' id='word_1_27' title='bbox 1832 957 1842 1008; x_wconf 82' lang='grc'><strong><em>&gt;</em></strong></span> 
     </span>
    </p>
   </div>
   <div class='ocr_carea' id='block_1_4' title="bbox 60 1040 2329 1475">
    <p class='ocr_par' dir='ltr' id='par_1_4' title="bbox 60 1040 2329 1475">
     <span class='ocr_line' id='line_1_5' title="bbox 109 1040 2327 1170; baseline 0.037 -89"><span class='ocrx_word' id='word_1_28' title='bbox 109 1040 352 1139; x_wconf 46' lang='lat' dir='ltr'>41⁰3quss</span> <span class='ocrx_word' id='word_1_29' title='bbox 379 1044 703 1141; x_wconf 58' lang='lat' dir='ltr'>fngmugpmnco,</span> <span class='ocrx_word' id='word_1_30' title='bbox 731 1067 786 1121; x_wconf 73' lang='lat' dir='ltr'>aut</span> <span class='ocrx_word' id='word_1_31' title='bbox 878 1059 908 1133; x_wconf 67' lang='grc' dir='ltr'><strong>ς.</strong></span> <span class='ocrx_word' id='word_1_32' title='bbox 931 1052 963 1123; x_wconf 98' lang='grc'>1.</span> <span class='ocrx_word' id='word_1_33' title='bbox 985 1054 1114 1149; x_wconf 76' lang='lat' dir='ltr'>Siquis</span> <span class='ocrx_word' id='word_1_34' title='bbox 1135 1059 1295 1152; x_wconf 86' lang='lat' dir='ltr'>ingenuus</span> <span class='ocrx_word' id='word_1_35' title='bbox 1318 1062 1478 1133; x_wconf 83' lang='lat' dir='ltr'>Francum</span> <span class='ocrx_word' id='word_1_36' title='bbox 1498 1081 1553 1133; x_wconf 86' lang='lat' dir='ltr'>aut</span> <span class='ocrx_word' id='word_1_37' title='bbox 1611 1070 1646 1141; x_wconf 90' lang='lat' dir='ltr'>Si</span> <span class='ocrx_word' id='word_1_38' title='bbox 1655 1072 1958 1167; x_wconf 82' lang='lat' dir='ltr'>quisingenuusho·</span> <span class='ocrx_word' id='word_1_39' title='bbox 1971 1040 2204 1157; x_wconf 70' lang='lat' dir='ltr'>Tinxitxvl.</span> <span class='ocrx_word' id='word_1_40' title='bbox 2213 1095 2278 1170; x_wconf 80' lang='lat'><strong>§.1.</strong></span> <span class='ocrx_word' id='word_1_41' title='bbox 2290 1095 2327 1165; x_wconf 89' lang='lat' dir='ltr'>Si</span> 
     </span>
     <span class='ocr_line' id='line_1_6' title="bbox 63 1148 2328 1281; baseline 0.028 -81"><span class='ocrx_word' id='word_1_42' title='bbox 63 1148 260 1266; x_wconf 57' lang='lat' dir='ltr'>&amp;Q</span> <span class='ocrx_word' id='word_1_43' title='bbox 279 1148 592 1266; x_wconf 63' lang='lat' dir='ltr'>quthominemqni</span> <span class='ocrx_word' id='word_1_44' title='bbox 610 1150 717 1223; x_wconf 79' lang='lat' dir='ltr'>Salios</span> <span class='ocrx_word' id='word_1_45' title='bbox 736 1154 787 1222; x_wconf 89' lang='lat' dir='ltr'>le-</span> <span class='ocrx_word' id='word_1_46' title='bbox 832 1152 1000 1226; x_wconf 88' lang='lat' dir='ltr'>hominem</span> <span class='ocrx_word' id='word_1_47' title='bbox 1021 1152 1194 1232; x_wconf 82' lang='lat' dir='ltr'>barbarum</span> <span class='ocrx_word' id='word_1_48' title='bbox 1216 1164 1381 1249; x_wconf 84' lang='lat' dir='ltr'>occiderit,</span> <span class='ocrx_word' id='word_1_49' title='bbox 1403 1166 1458 1258; x_wconf 90' lang='lat' dir='ltr'>qui</span> <span class='ocrx_word' id='word_1_50' title='bbox 1479 1170 1552 1259; x_wconf 85' lang='lat' dir='ltr'>lege</span> <span class='ocrx_word' id='word_1_51' title='bbox 1595 1172 1748 1259; x_wconf 78' lang='lat' dir='ltr'>minem0)</span> <span class='ocrx_word' id='word_1_52' title='bbox 1784 1177 1958 1270; x_wconf 82' lang='lat' dir='ltr'>ingenuum</span> <span class='ocrx_word' id='word_1_53' title='bbox 1971 1185 2043 1275; x_wconf 81' lang='lat' dir='ltr'>quis</span> <span class='ocrx_word' id='word_1_54' title='bbox 2065 1188 2240 1281; x_wconf 85' lang='lat' dir='ltr'>Ripuarius</span> <span class='ocrx_word' id='word_1_55' title='bbox 2268 1194 2328 1261; x_wconf 87' lang='lat' dir='ltr'>ad-</span> 
     </span>
     <span class='ocr_line' id='line_1_7' title="bbox 60 1248 2329 1427; baseline 0.038 -150"><span class='ocrx_word' id='word_1_56' title='bbox 60 1248 214 1427; x_wconf 54' lang='lat' dir='ltr'>mim?</span> <span class='ocrx_word' id='word_1_57' title='bbox 223 1248 523 1334; x_wconf 51' lang='lat' dir='ltr'>mampmalb,</span> <span class='ocrx_word' id='word_1_58' title='bbox 535 1257 785 1339; x_wconf 55' lang='lat' dir='ltr'>studiqyfflm,</span> <span class='ocrx_word' id='word_1_59' title='bbox 836 1254 943 1325; x_wconf 74' lang='lat' dir='ltr'>salica</span> <span class='ocrx_word' id='word_1_60' title='bbox 963 1258 1090 1349; x_wconf 78' lang='lat' dir='ltr'>yirit1),</span> <span class='ocrx_word' id='word_1_61' title='bbox 1112 1265 1241 1335; x_wconf 84' lang='lat' dir='ltr'><strong>VIllM.</strong></span> <span class='ocrx_word' id='word_1_62' title='bbox 1263 1267 1405 1336; x_wconf 85' lang='lat' dir='ltr'>denariis</span> <span class='ocrx_word' id='word_1_63' title='bbox 1424 1268 1480 1359; x_wconf 93' lang='lat' dir='ltr'>qui</span> <span class='ocrx_word' id='word_1_64' title='bbox 1501 1269 1553 1336; x_wconf 83' lang='lat' dir='ltr'>ia·</span> <span class='ocrx_word' id='word_1_65' title='bbox 1593 1275 1945 1369; x_wconf 74' lang='lat' dir='ltr'>Ripuariuminteriece</span> <span class='ocrx_word' id='word_1_66' title='bbox 1970 1310 2086 1355; x_wconf 87' lang='lat' dir='ltr'>venam</span> <span class='ocrx_word' id='word_1_67' title='bbox 2103 1289 2262 1361; x_wconf 75' lang='lat' dir='ltr'>h&#39;raucnm</span> <span class='ocrx_word' id='word_1_68' title='bbox 2278 1294 2329 1363; x_wconf 93' lang='lat' dir='ltr'>in·</span> 
     </span>
     <span class='ocr_line' id='line_1_8' title="bbox 87 1348 2328 1475; baseline 0.037 -90"><span class='ocrx_word' id='word_1_69' title='bbox 87 1428 93 1445; x_wconf 40' lang='grc'>,</span> <span class='ocrx_word' id='word_1_70' title='bbox 159 1376 218 1447; x_wconf 68' lang='lat' dir='ltr'>qm</span> <span class='ocrx_word' id='word_1_71' title='bbox 236 1348 359 1423; x_wconf 60' lang='lat' dir='ltr'><strong>swium</strong></span> <span class='ocrx_word' id='word_1_72' title='bbox 370 1354 432 1425; x_wconf 63' lang='lat'>301,</span> <span class='ocrx_word' id='word_1_73' title='bbox 454 1352 521 1426; x_wconf 68' lang='lat'>(20,</span> <span class='ocrx_word' id='word_1_74' title='bbox 543 1352 713 1451; x_wconf 59' lang='lat' dir='ltr'>culpabili„</span> <span class='ocrx_word' id='word_1_75' title='bbox 732 1358 787 1430; x_wconf 82' lang='lat' dir='ltr'>iu.</span> <span class='ocrx_word' id='word_1_76' title='bbox 835 1357 923 1426; x_wconf 87' lang='lat' dir='ltr'>ciunt</span> <span class='ocrx_word' id='word_1_77' title='bbox 949 1361 1073 1434; x_wconf 87' lang='lat' dir='ltr'>solidos</span> <span class='ocrx_word' id='word_1_78' title='bbox 1099 1366 1164 1438; x_wconf 85' lang='lat' dir='ltr'>CC.</span> <span class='ocrx_word' id='word_1_79' title='bbox 1192 1367 1361 1462; x_wconf 82' lang='lat' dir='ltr'>cadpahilis</span> <span class='ocrx_word' id='word_1_80' title='bbox 1380 1370 1552 1440; x_wconf 87' lang='lat' dir='ltr'>iudicetur.</span> <span class='ocrx_word' id='word_1_81' title='bbox 1594 1376 1646 1460; x_wconf 89' lang='lat' dir='ltr'>rit,</span> <span class='ocrx_word' id='word_1_82' title='bbox 1660 1378 1755 1460; x_wconf 82' lang='lat' dir='ltr'><strong>CG.‘¹)</strong></span> <span class='ocrx_word' id='word_1_83' title='bbox 1766 1380 1881 1449; x_wconf 87' lang='lat' dir='ltr'>solidis</span> <span class='ocrx_word' id='word_1_84' title='bbox 1890 1387 1956 1450; x_wconf 91' lang='lat' dir='ltr'>cul·</span> <span class='ocrx_word' id='word_1_85' title='bbox 1969 1386 2148 1475; x_wconf 78' lang='lat' dir='ltr'>terfecen’t,</span> <span class='ocrx_word' id='word_1_86' title='bbox 2184 1394 2249 1464; x_wconf 86' lang='lat' dir='ltr'>CC.</span> <span class='ocrx_word' id='word_1_87' title='bbox 2274 1420 2328 1467; x_wconf 72' lang='lat' dir='ltr'>oo·</span> 
     </span>
    </p>
   </div>
   <div class='ocr_carea' id='block_1_5' title="bbox 108 1479 2328 1673">
    <p class='ocr_par' dir='ltr' id='par_1_5' title="bbox 108 1479 2328 1673">
     <span class='ocr_line' id='line_1_9' title="bbox 192 1479 2328 1583; baseline 0.01 -40"><span class='ocrx_word' id='word_1_88' title='bbox 192 1502 204 1551; x_wconf 72' lang='lat' dir='ltr'>e</span> <span class='ocrx_word' id='word_1_89' title='bbox 252 1552 263 1574; x_wconf 95' lang='lat'><strong>.</strong></span> <span class='ocrx_word' id='word_1_90' title='bbox 510 1558 520 1577; x_wconf 30' lang='grc' dir='ltr'><strong><em>υ</em></strong></span> <span class='ocrx_word' id='word_1_91' title='bbox 1595 1479 1955 1570; x_wconf 80' lang='lat' dir='ltr'>pabiiisiudicetur3aut</span> <span class='ocrx_word' id='word_1_92' title='bbox 1969 1485 2044 1554; x_wconf 70' lang='lat' dir='ltr'>tidie</span> <span class='ocrx_word' id='word_1_93' title='bbox 2074 1493 2243 1583; x_wconf 86' lang='lat' dir='ltr'>culpabilis</span> <span class='ocrx_word' id='word_1_94' title='bbox 2276 1496 2328 1564; x_wconf 87' lang='lat' dir='ltr'>iu·</span> 
     </span>
     <span class='ocr_line' id='line_1_10' title="bbox 108 1544 2104 1673; baseline 0.006 -34"><span class='ocrx_word' id='word_1_95' title='bbox 108 1560 195 1639; x_wconf 65' lang='grc' dir='ltr'>Η·</span> <span class='ocrx_word' id='word_1_96' title='bbox 225 1544 266 1627; x_wconf 70' lang='lat' dir='ltr'>St</span> <span class='ocrx_word' id='word_1_97' title='bbox 287 1580 371 1628; x_wconf 67' lang='grc' dir='ltr'><em>Μ</em></span> <span class='ocrx_word' id='word_1_98' title='bbox 405 1582 483 1628; x_wconf 81' lang='lat' dir='ltr'>eum</span> <span class='ocrx_word' id='word_1_99' title='bbox 507 1584 544 1628; x_wconf 88' lang='lat' dir='ltr'>m</span> <span class='ocrx_word' id='word_1_100' title='bbox 569 1573 704 1652; x_wconf 85' lang='lat' dir='ltr'>puteum</span> <span class='ocrx_word' id='word_1_101' title='bbox 731 1577 786 1629; x_wconf 88' lang='lat' dir='ltr'>aut</span> <span class='ocrx_word' id='word_1_102' title='bbox 877 1574 907 1644; x_wconf 64' lang='grc' dir='ltr'><strong>ς.</strong></span> <span class='ocrx_word' id='word_1_103' title='bbox 928 1570 998 1652; x_wconf 65' lang='lat'>2⁸)</span> <span class='ocrx_word' id='word_1_104' title='bbox 1026 1570 1063 1642; x_wconf 91' lang='lat' dir='ltr'>Si</span> <span class='ocrx_word' id='word_1_105' title='bbox 1089 1595 1171 1641; x_wconf 80' lang='lat' dir='ltr'>vero</span> <span class='ocrx_word' id='word_1_106' title='bbox 1192 1572 1321 1641; x_wconf 90' lang='lat' dir='ltr'>eumin</span> <span class='ocrx_word' id='word_1_107' title='bbox 1343 1589 1478 1665; x_wconf 90' lang='lat' dir='ltr'>puteum</span> <span class='ocrx_word' id='word_1_108' title='bbox 1499 1590 1553 1642; x_wconf 93' lang='lat' dir='ltr'>aut</span> <span class='ocrx_word' id='word_1_109' title='bbox 1595 1579 1625 1647; x_wconf 87' lang='lat' dir='ltr'>si</span> <span class='ocrx_word' id='word_1_110' title='bbox 1659 1584 1843 1673; x_wconf 80' lang='lat' dir='ltr'>negaverit,</span> <span class='ocrx_word' id='word_1_111' title='bbox 1883 1610 1956 1655; x_wconf 86' lang='lat' dir='ltr'>curn</span> <span class='ocrx_word' id='word_1_112' title='bbox 1968 1586 2104 1658; x_wconf 73' lang='lat' dir='ltr'>dicetur.</span> 
     </span>
    </p>
   </div>
   <div class='ocr_carea' id='block_1_6' title="bbox 63 1654 1792 1759">
    <p class='ocr_par' dir='ltr' id='par_1_6' title="bbox 63 1654 1792 1759">
     <span class='ocr_line' id='line_1_11' title="bbox 63 1654 1792 1759; baseline 0.014 -30"><span class='ocrx_word' id='word_1_113' title='bbox 63 1654 273 1751; x_wconf 73' lang='lat' dir='ltr'>nheqne&#39;m</span> <span class='ocrx_word' id='word_1_114' title='bbox 298 1657 425 1739; x_wconf 78' lang='lat' dir='ltr'>miserit</span> <span class='ocrx_word' id='word_1_115' title='bbox 452 1661 587 1745; x_wconf 79' lang='lat' dir='ltr'>(malb.</span> <span class='ocrx_word' id='word_1_116' title='bbox 609 1658 700 1733; x_wconf 78' lang='lat' dir='ltr'>scoth</span> <span class='ocrx_word' id='word_1_117' title='bbox 717 1665 785 1730; x_wconf 80' lang='lat' dir='ltr'>teu-</span> <span class='ocrx_word' id='word_1_118' title='bbox 835 1662 895 1733; x_wconf 90' lang='lat' dir='ltr'>sub</span> <span class='ocrx_word' id='word_1_119' title='bbox 918 1693 1035 1759; x_wconf 83' lang='lat' dir='ltr'>aquam</span> <span class='ocrx_word' id='word_1_120' title='bbox 1056 1673 1197 1758; x_wconf 86' lang='lat' dir='ltr'>miserit,</span> <span class='ocrx_word' id='word_1_121' title='bbox 1223 1674 1387 1744; x_wconf 86' lang='lat' dir='ltr'><strong>XXIVM.</strong></span> <span class='ocrx_word' id='word_1_122' title='bbox 1411 1676 1553 1744; x_wconf 88' lang='lat' dir='ltr'>denariis</span> <span class='ocrx_word' id='word_1_123' title='bbox 1599 1681 1675 1750; x_wconf 85' lang='lat' dir='ltr'><strong>XII.</strong></span> <span class='ocrx_word' id='word_1_124' title='bbox 1697 1684 1792 1754; x_wconf 89' lang='lat' dir='ltr'>iuret.</span> 
     </span>
    </p>
   </div>
   <div class='ocr_carea' id='block_1_7' title="bbox 63 1756 1787 1898">
    <p class='ocr_par' dir='ltr' id='par_1_7' title="bbox 63 1756 1787 1898">
     <span class='ocr_line' id='line_1_12' title="bbox 63 1756 1787 1898; baseline 0.009 -69"><span class='ocrx_word' id='word_1_125' title='bbox 63 1761 132 1845; x_wconf 64' lang='lat' dir='ltr'>ds),</span> <span class='ocrx_word' id='word_1_126' title='bbox 155 1756 320 1830; x_wconf 82' lang='lat' dir='ltr'><strong>XXIVM.</strong></span> <span class='ocrx_word' id='word_1_127' title='bbox 341 1760 453 1830; x_wconf 83' lang='lat' dir='ltr'><strong>denar.</strong></span> <span class='ocrx_word' id='word_1_128' title='bbox 470 1762 528 1855; x_wconf 91' lang='lat' dir='ltr'>qui</span> <span class='ocrx_word' id='word_1_129' title='bbox 547 1761 669 1831; x_wconf 83' lang='lat' dir='ltr'>faciunt</span> <span class='ocrx_word' id='word_1_130' title='bbox 688 1760 784 1838; x_wconf 85' lang='lat' dir='ltr'>solid.</span> <span class='ocrx_word' id='word_1_131' title='bbox 834 1769 892 1858; x_wconf 86' lang='lat' dir='ltr'>qui</span> <span class='ocrx_word' id='word_1_132' title='bbox 910 1771 1032 1840; x_wconf 87' lang='lat' dir='ltr'>faciunt</span> <span class='ocrx_word' id='word_1_133' title='bbox 1058 1775 1184 1845; x_wconf 88' lang='lat' dir='ltr'>solidos</span> <span class='ocrx_word' id='word_1_134' title='bbox 1206 1775 1276 1846; x_wconf 87' lang='lat' dir='ltr'>Dc.</span> <span class='ocrx_word' id='word_1_135' title='bbox 1305 1777 1474 1870; x_wconf 86' lang='lat' dir='ltr'>culpabilis</span> <span class='ocrx_word' id='word_1_136' title='bbox 1503 1779 1554 1844; x_wconf 91' lang='lat' dir='ltr'>iu·</span> <span class='ocrx_word' id='word_1_137' title='bbox 1605 1819 1683 1895; x_wconf 48' lang='lat' dir='ltr'><strong>Tit·</strong></span> <span class='ocrx_word' id='word_1_138' title='bbox 1718 1821 1787 1898; x_wconf 51' lang='lat' dir='ltr'>IX·</span> 
     </span>
    </p>
   </div>
   <div class='ocr_carea' id='block_1_8' title="bbox 63 1826 2324 2029">
    <p class='ocr_par' dir='ltr' id='par_1_8' title="bbox 63 1826 2324 2029">
     <span class='ocr_line' id='line_1_13' title="bbox 63 1826 2324 2029; baseline -0.008 -100"><span class='ocrx_word' id='word_1_139' title='bbox 63 1860 137 1971; x_wconf 57' lang='lat' dir='ltr'>Di).</span> <span class='ocrx_word' id='word_1_140' title='bbox 158 1861 330 1956; x_wconf 66' lang='lat' dir='ltr'>culpabitis</span> <span class='ocrx_word' id='word_1_141' title='bbox 347 1863 517 1934; x_wconf 69' lang='lat' dir='ltr'>iudicetur.</span> <span class='ocrx_word' id='word_1_142' title='bbox 835 1870 970 1943; x_wconf 48' lang='lat' dir='ltr'>dicetur·</span> <span class='ocrx_word' id='word_1_143' title='bbox 1840 1826 2159 2029; x_wconf 51' lang='lat' dir='ltr'>nllilpnhlqpqiiqidiis</span> <span class='ocrx_word' id='word_1_144' title='bbox 2196 1832 2324 1911; x_wconf 86' lang='lat' dir='ltr'>homi·</span> 
     </span>
    </p>
   </div>
   <div class='ocr_carea' id='block_1_9' title="bbox 1604 2037 2324 2311">
    <p class='ocr_par' dir='ltr' id='par_1_9' title="bbox 1604 2037 2324 2311">
     <span class='ocr_line' id='line_1_14' title="bbox 1649 2037 2324 2135; baseline 0.021 -29"><span class='ocrx_word' id='word_1_145' title='bbox 1649 2037 1685 2106; x_wconf 89' lang='lat' dir='ltr'>Si</span> <span class='ocrx_word' id='word_1_146' title='bbox 1707 2038 1779 2128; x_wconf 86' lang='lat' dir='ltr'>quis</span> <span class='ocrx_word' id='word_1_147' title='bbox 1810 2041 1977 2110; x_wconf 86' lang='lat' dir='ltr'>hominem</span> <span class='ocrx_word' id='word_1_148' title='bbox 2004 2045 2132 2135; x_wconf 80' lang='lat' dir='ltr'>regium</span> <span class='ocrx_word' id='word_1_149' title='bbox 2153 2048 2324 2119; x_wconf 85' lang='lat' dir='ltr'>interiece-</span> 
     </span>
     <span class='ocr_line' id='line_1_15' title="bbox 1605 2136 2321 2234; baseline 0.027 -33"><span class='ocrx_word' id='word_1_150' title='bbox 1605 2136 1662 2219; x_wconf 87' lang='lat' dir='ltr'>rit,</span> <span class='ocrx_word' id='word_1_151' title='bbox 1685 2138 1722 2207; x_wconf 86' lang='lat' dir='ltr'>C.</span> <span class='ocrx_word' id='word_1_152' title='bbox 1745 2139 1860 2208; x_wconf 86' lang='lat' dir='ltr'>solidis</span> <span class='ocrx_word' id='word_1_153' title='bbox 1882 2144 2052 2234; x_wconf 86' lang='lat' dir='ltr'>culpabilis</span> <span class='ocrx_word' id='word_1_154' title='bbox 2076 2147 2246 2234; x_wconf 91' lang='lat' dir='ltr'>iudicetur,</span> <span class='ocrx_word' id='word_1_155' title='bbox 2270 2169 2321 2220; x_wconf 86' lang='lat' dir='ltr'>aut</span> 
     </span>
     <span class='ocr_line' id='line_1_16' title="bbox 1604 2239 1890 2311; baseline 0.024 -7"><span class='ocrx_word' id='word_1_156' title='bbox 1604 2261 1678 2306; x_wconf 90' lang='lat' dir='ltr'>cum</span> <span class='ocrx_word' id='word_1_157' title='bbox 1699 2239 1777 2309; x_wconf 89' lang='lat' dir='ltr'>XII.</span> <span class='ocrx_word' id='word_1_158' title='bbox 1796 2242 1890 2311; x_wconf 87' lang='lat' dir='ltr'>iuret.</span> 
     </span>
    </p>
   </div>
   <div class='ocr_carea' id='block_1_10' title="bbox 8 2374 2322 4299">
    <p class='ocr_par' dir='ltr' id='par_1_10' title="bbox 8 2374 2322 4299">
     <span class='ocr_line' id='line_1_17' title="bbox 1603 2374 2320 2463; baseline 0.021 -15"><span class='ocrx_word' id='word_1_159' title='bbox 1603 2374 1681 2450; x_wconf 81' lang='lat' dir='ltr'>Tit.</span> <span class='ocrx_word' id='word_1_160' title='bbox 1702 2376 1753 2451; x_wconf 89' lang='lat' dir='ltr'>X.</span> <span class='ocrx_word' id='word_1_161' title='bbox 1805 2379 1865 2452; x_wconf 89' lang='lat' dir='ltr'>Do</span> <span class='ocrx_word' id='word_1_162' title='bbox 1886 2379 2101 2457; x_wconf 84' lang='lat' dir='ltr'>homicidiis</span> <span class='ocrx_word' id='word_1_163' title='bbox 2121 2383 2320 2463; x_wconf 88' lang='lat' dir='ltr'>hominum</span> 
     </span>
     <span class='ocr_line' id='line_1_18' title="bbox 1637 2480 2140 2560; baseline 0.018 -9"><span class='ocrx_word' id='word_1_164' title='bbox 1637 2484 1642 2495; x_wconf 90' lang='lat'>&#39;</span> <span class='ocrx_word' id='word_1_165' title='bbox 1784 2480 2140 2560; x_wconf 77' lang='lat' dir='ltr'>ecclesiasticorum.</span> 
     </span>
     <span class='ocr_line' id='line_1_19' title="bbox 278 2590 2321 2685; baseline 0.007 -27"><span class='ocrx_word' id='word_1_166' title='bbox 278 2674 282 2681; x_wconf 32' lang='grc' dir='ltr'>Ι</span> <span class='ocrx_word' id='word_1_167' title='bbox 1647 2601 1677 2671; x_wconf 82' lang='lat'>§.</span> <span class='ocrx_word' id='word_1_168' title='bbox 1706 2590 1736 2659; x_wconf 90' lang='lat'>1.</span> <span class='ocrx_word' id='word_1_169' title='bbox 1766 2591 1803 2664; x_wconf 85' lang='lat' dir='ltr'>Si</span> <span class='ocrx_word' id='word_1_170' title='bbox 1832 2595 1905 2685; x_wconf 85' lang='lat' dir='ltr'>quis</span> <span class='ocrx_word' id='word_1_171' title='bbox 1933 2596 2098 2667; x_wconf 88' lang='lat' dir='ltr'>homiuem</span> <span class='ocrx_word' id='word_1_172' title='bbox 2128 2602 2321 2673; x_wconf 80' lang='lat' dir='ltr'>ecclesiasti-</span> 
     </span>
     <span class='ocr_line' id='line_1_20' title="bbox 106 2676 2322 2796; baseline 0.009 -43"><span class='ocrx_word' id='word_1_173' title='bbox 106 2682 192 2763; x_wconf 64' lang='lat' dir='ltr'>e&amp;</span> <span class='ocrx_word' id='word_1_174' title='bbox 225 2676 264 2754; x_wconf 84' lang='lat' dir='ltr'>Si</span> <span class='ocrx_word' id='word_1_175' title='bbox 289 2681 362 2775; x_wconf 84' lang='lat' dir='ltr'>quis</span> <span class='ocrx_word' id='word_1_176' title='bbox 396 2676 564 2755; x_wconf 87' lang='lat' dir='ltr'>hominem</span> <span class='ocrx_word' id='word_1_177' title='bbox 590 2681 625 2752; x_wconf 92' lang='lat' dir='ltr'>in</span> <span class='ocrx_word' id='word_1_178' title='bbox 650 2696 800 2778; x_wconf 74' lang='lat' dir='ltr'>puteum·</span> <span class='ocrx_word' id='word_1_179' title='bbox 876 2692 906 2763; x_wconf 86' lang='lat'>§.</span> <span class='ocrx_word' id='word_1_180' title='bbox 936 2686 988 2754; x_wconf 89' lang='grc'>10.</span> <span class='ocrx_word' id='word_1_181' title='bbox 1017 2683 1053 2754; x_wconf 89' lang='lat' dir='ltr'>Si</span> <span class='ocrx_word' id='word_1_182' title='bbox 1082 2684 1154 2775; x_wconf 87' lang='lat' dir='ltr'>quis</span> <span class='ocrx_word' id='word_1_183' title='bbox 1181 2685 1348 2793; x_wconf 69' lang='lat' dir='ltr'>hominem</span> <span class='ocrx_word' id='word_1_184' title='bbox 1375 2687 1552 2777; x_wconf 83' lang='lat' dir='ltr'>ingenuum</span> <span class='ocrx_word' id='word_1_185' title='bbox 1580 2716 1678 2793; x_wconf 49' lang='lat' dir='ltr'>&#39;cum</span> <span class='ocrx_word' id='word_1_186' title='bbox 1706 2693 1920 2782; x_wconf 73' lang='lat' dir='ltr'>interiecen‘t&#39;,</span> <span class='ocrx_word' id='word_1_187' title='bbox 1953 2696 1991 2766; x_wconf 83' lang='lat' dir='ltr'>O.</span> <span class='ocrx_word' id='word_1_188' title='bbox 2017 2700 2133 2768; x_wconf 85' lang='lat' dir='ltr'>solidis</span> <span class='ocrx_word' id='word_1_189' title='bbox 2154 2706 2322 2796; x_wconf 87' lang='lat' dir='ltr'>onlpahiiis</span> 
     </span>
     <span class='ocr_line' id='line_1_21' title="bbox 62 2781 2219 2884; baseline 0.007 -29"><span class='ocrx_word' id='word_1_190' title='bbox 62 2797 119 2855; x_wconf 73' lang='lat' dir='ltr'>mt</span> <span class='ocrx_word' id='word_1_191' title='bbox 137 2781 301 2877; x_wconf 67' lang='lat' dir='ltr'>insipida</span> <span class='ocrx_word' id='word_1_192' title='bbox 319 2784 497 2871; x_wconf 74' lang='lat' dir='ltr'>iactaverit,</span> <span class='ocrx_word' id='word_1_193' title='bbox 521 2800 553 2854; x_wconf 87' lang='lat' dir='ltr'>et</span> <span class='ocrx_word' id='word_1_194' title='bbox 573 2786 668 2855; x_wconf 85' lang='lat' dir='ltr'>vivus</span> <span class='ocrx_word' id='word_1_195' title='bbox 690 2788 785 2856; x_wconf 88' lang='lat' dir='ltr'>exin·</span> <span class='ocrx_word' id='word_1_196' title='bbox 832 2783 865 2852; x_wconf 91' lang='lat' dir='ltr'>in</span> <span class='ocrx_word' id='word_1_197' title='bbox 888 2800 1021 2875; x_wconf 90' lang='lat' dir='ltr'>puteum</span> <span class='ocrx_word' id='word_1_198' title='bbox 1043 2784 1151 2851; x_wconf 90' lang='lat' dir='ltr'>autin</span> <span class='ocrx_word' id='word_1_199' title='bbox 1175 2790 1308 2877; x_wconf 85' lang='lat' dir='ltr'>pelagus</span> <span class='ocrx_word' id='word_1_200' title='bbox 1328 2803 1382 2853; x_wconf 87' lang='lat' dir='ltr'>ant</span> <span class='ocrx_word' id='word_1_201' title='bbox 1398 2789 1431 2854; x_wconf 92' lang='lat' dir='ltr'>in</span> <span class='ocrx_word' id='word_1_202' title='bbox 1445 2789 1553 2880; x_wconf 88' lang='lat' dir='ltr'>quod·</span> <span class='ocrx_word' id='word_1_203' title='bbox 1579 2858 1582 2879; x_wconf 51' lang='grc' dir='ltr'>Ι</span> <span class='ocrx_word' id='word_1_204' title='bbox 1604 2793 1775 2878; x_wconf 85' lang='lat' dir='ltr'>iudicetur,</span> <span class='ocrx_word' id='word_1_205' title='bbox 1798 2808 1882 2874; x_wconf 78' lang='lat' dir='ltr'>aut‘)</span> <span class='ocrx_word' id='word_1_206' title='bbox 1901 2824 1974 2866; x_wconf 90' lang='lat' dir='ltr'>cum</span> <span class='ocrx_word' id='word_1_207' title='bbox 1995 2800 2070 2868; x_wconf 87' lang='lat' dir='ltr'>XII.</span> <span class='ocrx_word' id='word_1_208' title='bbox 2094 2802 2219 2884; x_wconf 73' lang='lat' dir='ltr'>iuret‘).</span> 
     </span>
     <span class='ocr_line' id='line_1_22' title="bbox 62 2882 2319 2994; baseline 0.001 -39"><span class='ocrx_word' id='word_1_209' title='bbox 62 2884 107 2955; x_wconf 83' lang='lat' dir='ltr'>de</span> <span class='ocrx_word' id='word_1_210' title='bbox 126 2882 289 2970; x_wconf 73' lang='lat' dir='ltr'>eraserit,</span> <span class='ocrx_word' id='word_1_211' title='bbox 317 2900 353 2954; x_wconf 88' lang='lat' dir='ltr'>nt</span> <span class='ocrx_word' id='word_1_212' title='bbox 371 2886 414 2957; x_wconf 80' lang='lat' dir='ltr'>nd</span> <span class='ocrx_word' id='word_1_213' title='bbox 432 2912 540 2957; x_wconf 75' lang='lat' dir='ltr'>oasam</span> <span class='ocrx_word' id='word_1_214' title='bbox 560 2911 653 2954; x_wconf 83' lang='lat' dir='ltr'>suam</span> <span class='ocrx_word' id='word_1_215' title='bbox 680 2888 784 2979; x_wconf 81' lang='lat' dir='ltr'>possit</span> <span class='ocrx_word' id='word_1_216' title='bbox 810 2886 911 2952; x_wconf 79' lang='lat' dir='ltr'>¹libet</span> <span class='ocrx_word' id='word_1_217' title='bbox 931 2883 1168 2977; x_wconf 73' lang='lat' dir='ltr'>praecipitium,</span> <span class='ocrx_word' id='word_1_218' title='bbox 1190 2888 1246 2953; x_wconf 89' lang='lat' dir='ltr'>ubi</span> <span class='ocrx_word' id='word_1_219' title='bbox 1267 2888 1447 2979; x_wconf 82' lang='lat' dir='ltr'>periculum</span> <span class='ocrx_word' id='word_1_220' title='bbox 1462 2914 1552 2958; x_wconf 90' lang='lat' dir='ltr'>mor-</span> <span class='ocrx_word' id='word_1_221' title='bbox 1579 2898 1583 2983; x_wconf 67' lang='lat' dir='ltr'><strong>j</strong></span> <span class='ocrx_word' id='word_1_222' title='bbox 1645 2903 1673 2974; x_wconf 65' lang='grc' dir='ltr'>ς.</span> <span class='ocrx_word' id='word_1_223' title='bbox 1695 2903 1727 2965; x_wconf 76' lang='lat'>2</span> <span class='ocrx_word' id='word_1_224' title='bbox 1763 2897 1818 2967; x_wconf 77' lang='lat' dir='ltr'>Sic</span> <span class='ocrx_word' id='word_1_225' title='bbox 1852 2902 1887 2965; x_wconf 75' lang='lat' dir='ltr'>in</span> <span class='ocrx_word' id='word_1_226' title='bbox 1917 2901 2041 2990; x_wconf 66' lang='lat' dir='ltr'>reliqua</span> <span class='ocrx_word' id='word_1_227' title='bbox 2073 2905 2319 2994; x_wconf 51' lang='lat' dir='ltr'>compositione,</span> 
     </span>
     <span class='ocr_line' id='line_1_23' title="bbox 62 2952 2320 3096; baseline 0.005 -37"><span class='ocrx_word' id='word_1_228' title='bbox 62 2985 224 3059; x_wconf 53' lang='lat' dir='ltr'>mmm</span> <span class='ocrx_word' id='word_1_229' title='bbox 247 2990 381 3071; x_wconf 79' lang='lat' dir='ltr'>(melb.</span> <span class='ocrx_word' id='word_1_230' title='bbox 419 2994 532 3081; x_wconf 79' lang='lat' dir='ltr'>odaiip</span> <span class='ocrx_word' id='word_1_231' title='bbox 561 2991 620 3058; x_wconf 78' lang='lat' dir='ltr'>sao</span> <span class='ocrx_word' id='word_1_232' title='bbox 653 2992 784 3079; x_wconf 82' lang='lat' dir='ltr'>dupio),</span> <span class='ocrx_word' id='word_1_233' title='bbox 809 2952 813 3073; x_wconf 72' lang='lat' dir='ltr'>i</span> <span class='ocrx_word' id='word_1_234' title='bbox 836 2987 877 3056; x_wconf 88' lang='lat' dir='ltr'>tis</span> <span class='ocrx_word' id='word_1_235' title='bbox 898 3012 969 3055; x_wconf 85' lang='lat' dir='ltr'>esse</span> <span class='ocrx_word' id='word_1_236' title='bbox 990 2987 1111 3080; x_wconf 82' lang='lat' dir='ltr'>possit,</span> <span class='ocrx_word' id='word_1_237' title='bbox 1141 2987 1343 3081; x_wconf 85' lang='lat' dir='ltr'>impinxerit,</span> <span class='ocrx_word' id='word_1_238' title='bbox 1368 3005 1400 3057; x_wconf 90' lang='lat' dir='ltr'>et</span> <span class='ocrx_word' id='word_1_239' title='bbox 1421 2991 1476 3058; x_wconf 86' lang='lat' dir='ltr'>iile</span> <span class='ocrx_word' id='word_1_240' title='bbox 1497 2990 1554 3080; x_wconf 89' lang='lat' dir='ltr'>qai</span> <span class='ocrx_word' id='word_1_241' title='bbox 1579 2995 1689 3085; x_wconf 80' lang='lat' dir='ltr'>¹unde</span> <span class='ocrx_word' id='word_1_242' title='bbox 1709 2997 1884 3091; x_wconf 80' lang='lat' dir='ltr'>iiipuarius</span> <span class='ocrx_word' id='word_1_243' title='bbox 1906 3001 1983 3069; x_wconf 88' lang='lat' dir='ltr'>XV.</span> <span class='ocrx_word' id='word_1_244' title='bbox 2010 3002 2124 3069; x_wconf 85' lang='lat' dir='ltr'>solidis</span> <span class='ocrx_word' id='word_1_245' title='bbox 2151 3007 2320 3096; x_wconf 76' lang='lat' dir='ltr'>‹udpnbilis</span> 
     </span>
     <span class='ocr_line' id='line_1_24' title="bbox 61 3084 2320 3235; baseline 0.005 -76"><span class='ocrx_word' id='word_1_246' title='bbox 61 3084 162 3159; x_wconf 74' lang='grc' dir='ltr'><strong>ΝΜ.</strong></span> <span class='ocrx_word' id='word_1_247' title='bbox 183 3086 258 3159; x_wconf 84' lang='lat' dir='ltr'>den.</span> <span class='ocrx_word' id='word_1_248' title='bbox 281 3088 340 3183; x_wconf 84' lang='lat' dir='ltr'>qui</span> <span class='ocrx_word' id='word_1_249' title='bbox 353 3088 476 3161; x_wconf 80' lang='lat' dir='ltr'>iaciunt</span> <span class='ocrx_word' id='word_1_250' title='bbox 497 3089 593 3160; x_wconf 88' lang='lat' dir='ltr'>solid.</span> <span class='ocrx_word' id='word_1_251' title='bbox 612 3089 649 3158; x_wconf 88' lang='lat' dir='ltr'>G.</span> <span class='ocrx_word' id='word_1_252' title='bbox 672 3090 784 3183; x_wconf 84' lang='lat' dir='ltr'>culpa·</span> <span class='ocrx_word' id='word_1_253' title='bbox 809 3088 814 3235; x_wconf 64' lang='lat' dir='ltr'>y</span> <span class='ocrx_word' id='word_1_254' title='bbox 837 3089 1001 3183; x_wconf 88' lang='lat' dir='ltr'>proiectus</span> <span class='ocrx_word' id='word_1_255' title='bbox 1023 3104 1070 3156; x_wconf 89' lang='lat' dir='ltr'>est</span> <span class='ocrx_word' id='word_1_256' title='bbox 1087 3089 1233 3181; x_wconf 88' lang='lat' dir='ltr'>quolibet</span> <span class='ocrx_word' id='word_1_257' title='bbox 1253 3091 1355 3159; x_wconf 88' lang='lat' dir='ltr'>modo</span> <span class='ocrx_word' id='word_1_258' title='bbox 1377 3092 1554 3161; x_wconf 84' lang='lat' dir='ltr'>abeodem</span> <span class='ocrx_word' id='word_1_259' title='bbox 1601 3096 1777 3184; x_wconf 88' lang='lat' dir='ltr'>iudicetur,</span> <span class='ocrx_word' id='word_1_260' title='bbox 1806 3101 1916 3193; x_wconf 82' lang='lat' dir='ltr'>regius</span> <span class='ocrx_word' id='word_1_261' title='bbox 1942 3117 1975 3169; x_wconf 92' lang='lat' dir='ltr'>et</span> <span class='ocrx_word' id='word_1_262' title='bbox 1995 3102 2230 3171; x_wconf 81' lang='lat' dir='ltr'>ecclesiasticus</span> <span class='ocrx_word' id='word_1_263' title='bbox 2258 3107 2320 3177; x_wconf 82' lang='lat' dir='ltr'>lio-</span> 
     </span>
     <span class='ocr_line' id='line_1_25' title="bbox 56 3186 2319 3296; baseline 0.006 -37"><span class='ocrx_word' id='word_1_264' title='bbox 56 3186 333 3262; x_wconf 75' lang='lat' dir='ltr'>&#39;bitis-iudicetur.</span> <span class='ocrx_word' id='word_1_265' title='bbox 390 3211 393 3220; x_wconf 92' lang='grc'><em>·</em></span> <span class='ocrx_word' id='word_1_266' title='bbox 835 3194 985 3284; x_wconf 88' lang='lat' dir='ltr'>periculo</span> <span class='ocrx_word' id='word_1_267' title='bbox 1011 3191 1107 3259; x_wconf 79' lang='lat' dir='ltr'>rivus</span> <span class='ocrx_word' id='word_1_268' title='bbox 1136 3190 1289 3273; x_wconf 81' lang='lat' dir='ltr'>eraserit,</span> <span class='ocrx_word' id='word_1_269' title='bbox 1319 3191 1373 3259; x_wconf 91' lang='lat' dir='ltr'>ille</span> <span class='ocrx_word' id='word_1_270' title='bbox 1402 3190 1657 3289; x_wconf 64' lang='lat' dir='ltr'>‹prieun1:mo</span> <span class='ocrx_word' id='word_1_271' title='bbox 1682 3201 1888 3269; x_wconf 87' lang='lat' dir='ltr'>medietatem</span> <span class='ocrx_word' id='word_1_272' title='bbox 1915 3219 2104 3296; x_wconf 86' lang='lat' dir='ltr'>componat,</span> <span class='ocrx_word' id='word_1_273' title='bbox 2142 3207 2194 3271; x_wconf 79' lang='lat' dir='ltr'>vei</span> <span class='ocrx_word' id='word_1_274' title='bbox 2225 3204 2319 3291; x_wconf 67' lang='lat' dir='ltr'>dein.</span> 
     </span>
     <span class='ocr_line' id='line_1_26' title="bbox 105 3291 2318 3397; baseline 0.005 -37"><span class='ocrx_word' id='word_1_275' title='bbox 105 3300 138 3372; x_wconf 70' lang='lat'>5.</span> <span class='ocrx_word' id='word_1_276' title='bbox 158 3294 212 3361; x_wconf 91' lang='grc'>11.</span> <span class='ocrx_word' id='word_1_277' title='bbox 240 3292 277 3363; x_wconf 86' lang='lat' dir='ltr'>Si</span> <span class='ocrx_word' id='word_1_278' title='bbox 304 3292 377 3384; x_wconf 82' lang='lat' dir='ltr'>quis</span> <span class='ocrx_word' id='word_1_279' title='bbox 405 3293 571 3362; x_wconf 90' lang='lat' dir='ltr'>hominem</span> <span class='ocrx_word' id='word_1_280' title='bbox 596 3291 630 3359; x_wconf 90' lang='lat' dir='ltr'>in</span> <span class='ocrx_word' id='word_1_281' title='bbox 651 3306 785 3384; x_wconf 89' lang='lat' dir='ltr'>puteum</span> <span class='ocrx_word' id='word_1_282' title='bbox 835 3293 1022 3384; x_wconf 86' lang='lat' dir='ltr'>impinxerit</span> <span class='ocrx_word' id='word_1_283' title='bbox 1047 3295 1142 3361; x_wconf 68' lang='grc' dir='ltr'>ΝΜ.</span> <span class='ocrx_word' id='word_1_284' title='bbox 1180 3292 1322 3360; x_wconf 86' lang='lat' dir='ltr'>denariis</span> <span class='ocrx_word' id='word_1_285' title='bbox 1351 3295 1407 3384; x_wconf 90' lang='lat' dir='ltr'>qui</span> <span class='ocrx_word' id='word_1_286' title='bbox 1434 3294 1555 3362; x_wconf 85' lang='lat' dir='ltr'>faciunt</span> <span class='ocrx_word' id='word_1_287' title='bbox 1602 3324 1678 3394; x_wconf 84' lang='lat' dir='ltr'>ceps</span> <span class='ocrx_word' id='word_1_288' title='bbox 1701 3317 1981 3397; x_wconf 87' lang='lat' dir='ltr'>quantumcunque</span> <span class='ocrx_word' id='word_1_289' title='bbox 2009 3308 2104 3397; x_wconf 88' lang='lat' dir='ltr'>culpa</span> <span class='ocrx_word' id='word_1_290' title='bbox 2125 3308 2318 3380; x_wconf 82' lang='lat' dir='ltr'>ascenderit,</span> 
     </span>
     <span class='ocr_line' id='line_1_27' title="bbox 61 3391 1399 3485; baseline -0.001 -22"><span class='ocrx_word' id='word_1_291' title='bbox 61 3391 246 3479; x_wconf 61' lang='lat' dir='ltr'>introiit,</span> <span class='ocrx_word' id='word_1_292' title='bbox 275 3410 307 3462; x_wconf 90' lang='lat' dir='ltr'>et</span> <span class='ocrx_word' id='word_1_293' title='bbox 326 3395 356 3463; x_wconf 85' lang='lat' dir='ltr'>is</span> <span class='ocrx_word' id='word_1_294' title='bbox 378 3394 530 3464; x_wconf 86' lang='lat' dir='ltr'>exeundo</span> <span class='ocrx_word' id='word_1_295' title='bbox 546 3394 642 3465; x_wconf 79' lang='lat' dir='ltr'>vivus</span> <span class='ocrx_word' id='word_1_296' title='bbox 667 3392 784 3476; x_wconf 83' lang='lat' dir='ltr'>evadit,</span> <span class='ocrx_word' id='word_1_297' title='bbox 835 3394 958 3462; x_wconf 89' lang='lat' dir='ltr'>solidos</span> <span class='ocrx_word' id='word_1_298' title='bbox 981 3396 1017 3463; x_wconf 85' lang='lat' dir='ltr'>C.</span> <span class='ocrx_word' id='word_1_299' title='bbox 1040 3394 1208 3485; x_wconf 87' lang='lat' dir='ltr'>culpabilis</span> <span class='ocrx_word' id='word_1_300' title='bbox 1228 3393 1399 3462; x_wconf 85' lang='lat' dir='ltr'>iudicetur.</span> 
     </span>
     <span class='ocr_line' id='line_1_28' title="bbox 61 3492 1557 3587; baseline 0.001 -23"><span class='ocrx_word' id='word_1_301' title='bbox 61 3494 160 3564; x_wconf 75' lang='grc' dir='ltr'><strong>ΝΜ.</strong></span> <span class='ocrx_word' id='word_1_302' title='bbox 182 3492 256 3564; x_wconf 83' lang='lat' dir='ltr'>don.</span> <span class='ocrx_word' id='word_1_303' title='bbox 278 3495 337 3586; x_wconf 86' lang='lat' dir='ltr'>qui</span> <span class='ocrx_word' id='word_1_304' title='bbox 350 3495 475 3565; x_wconf 77' lang='lat' dir='ltr'>fuciunt</span> <span class='ocrx_word' id='word_1_305' title='bbox 497 3497 594 3567; x_wconf 81' lang='lat' dir='ltr'>solid.</span> <span class='ocrx_word' id='word_1_306' title='bbox 617 3496 653 3565; x_wconf 84' lang='grc' dir='ltr'><strong>Ο.</strong></span> <span class='ocrx_word' id='word_1_307' title='bbox 675 3498 785 3587; x_wconf 85' lang='lat' dir='ltr'>culpa·</span> <span class='ocrx_word' id='word_1_308' title='bbox 877 3506 906 3576; x_wconf 84' lang='lat'>§.</span> <span class='ocrx_word' id='word_1_309' title='bbox 929 3498 980 3563; x_wconf 85' lang='lat'>11.</span> <span class='ocrx_word' id='word_1_310' title='bbox 1004 3496 1039 3565; x_wconf 88' lang='lat' dir='ltr'>Si</span> <span class='ocrx_word' id='word_1_311' title='bbox 1056 3510 1163 3561; x_wconf 89' lang='lat' dir='ltr'>autem</span> <span class='ocrx_word' id='word_1_312' title='bbox 1182 3494 1238 3584; x_wconf 86' lang='lat' dir='ltr'>qui</span> <span class='ocrx_word' id='word_1_313' title='bbox 1258 3496 1485 3587; x_wconf 87' lang='lat' dir='ltr'>praecipitatus</span> <span class='ocrx_word' id='word_1_314' title='bbox 1508 3513 1557 3565; x_wconf 88' lang='lat' dir='ltr'>est</span> 
     </span>
     <span class='ocr_line' id='line_1_29' title="bbox 61 3595 1558 3691; baseline 0.001 -24"><span class='ocrx_word' id='word_1_315' title='bbox 61 3595 140 3667; x_wconf 82' lang='lat' dir='ltr'>hilis</span> <span class='ocrx_word' id='word_1_316' title='bbox 160 3596 333 3667; x_wconf 80' lang='lat' dir='ltr'>indicetur.</span> <span class='ocrx_word' id='word_1_317' title='bbox 834 3613 980 3669; x_wconf 82' lang='lat' dir='ltr'>mortuus</span> <span class='ocrx_word' id='word_1_318' title='bbox 1000 3597 1111 3681; x_wconf 82' lang='lat' dir='ltr'>fuerit,</span> <span class='ocrx_word' id='word_1_319' title='bbox 1134 3611 1201 3664; x_wconf 92' lang='lat' dir='ltr'>tota</span> <span class='ocrx_word' id='word_1_320' title='bbox 1223 3595 1319 3663; x_wconf 87' lang='lat' dir='ltr'>leude</span> <span class='ocrx_word' id='word_1_321' title='bbox 1343 3622 1400 3664; x_wconf 90' lang='lat' dir='ltr'>sua</span> <span class='ocrx_word' id='word_1_322' title='bbox 1421 3623 1558 3691; x_wconf 86' lang='lat' dir='ltr'>compo·</span> 
     </span>
     <span class='ocr_line' id='line_1_30' title="bbox 104 3697 1557 3792; baseline -0.003 -21"><span class='ocrx_word' id='word_1_323' title='bbox 104 3704 138 3779; x_wconf 70' lang='lat'>§-</span> <span class='ocrx_word' id='word_1_324' title='bbox 159 3700 228 3785; x_wconf 89' lang='grc'>12.</span> <span class='ocrx_word' id='word_1_325' title='bbox 246 3697 284 3770; x_wconf 87' lang='lat' dir='ltr'>Si</span> <span class='ocrx_word' id='word_1_326' title='bbox 318 3720 400 3767; x_wconf 79' lang='lat' dir='ltr'>vero</span> <span class='ocrx_word' id='word_1_327' title='bbox 435 3697 470 3764; x_wconf 91' lang='lat' dir='ltr'>in</span> <span class='ocrx_word' id='word_1_328' title='bbox 504 3712 604 3791; x_wconf 89' lang='lat' dir='ltr'>puteo</span> <span class='ocrx_word' id='word_1_329' title='bbox 638 3713 785 3767; x_wconf 82' lang='lat' dir='ltr'>mortuus</span> <span class='ocrx_word' id='word_1_330' title='bbox 833 3718 937 3770; x_wconf 88' lang='lat' dir='ltr'>natur.</span> <span class='ocrx_word' id='word_1_331' title='bbox 979 3699 1091 3790; x_wconf 87' lang='lat' dir='ltr'>Atque</span> <span class='ocrx_word' id='word_1_332' title='bbox 1110 3697 1154 3764; x_wconf 90' lang='lat' dir='ltr'>ita</span> <span class='ocrx_word' id='word_1_333' title='bbox 1177 3722 1388 3790; x_wconf 81' lang='lat' dir='ltr'>unaquaeque</span> <span class='ocrx_word' id='word_1_334' title='bbox 1407 3724 1557 3792; x_wconf 83' lang='lat' dir='ltr'>persona,</span> 
     </span>
     <span class='ocr_line' id='line_1_31' title="bbox 56 3796 1559 3894; baseline 0 -24"><span class='ocrx_word' id='word_1_335' title='bbox 56 3796 163 3870; x_wconf 78' lang='lat' dir='ltr'>&#39;inerit</span> <span class='ocrx_word' id='word_1_336' title='bbox 181 3799 314 3883; x_wconf 78' lang='lat' dir='ltr'>(meib.</span> <span class='ocrx_word' id='word_1_337' title='bbox 330 3802 508 3882; x_wconf 76' lang='lat' dir='ltr'>ntusthest),</span> <span class='ocrx_word' id='word_1_338' title='bbox 528 3800 693 3868; x_wconf 78' lang='lat' dir='ltr'><strong>XXIVM.</strong></span> <span class='ocrx_word' id='word_1_339' title='bbox 710 3800 802 3869; x_wconf 87' lang='lat' dir='ltr'>den..</span> <span class='ocrx_word' id='word_1_340' title='bbox 835 3829 917 3894; x_wconf 86' lang='lat' dir='ltr'>quae</span> <span class='ocrx_word' id='word_1_341' title='bbox 959 3800 1077 3870; x_wconf 91' lang='lat' dir='ltr'>maiori</span> <span class='ocrx_word' id='word_1_342' title='bbox 1117 3799 1280 3868; x_wconf 82' lang='lat' dir='ltr'>minorive</span> <span class='ocrx_word' id='word_1_343' title='bbox 1321 3801 1559 3892; x_wconf 84' lang='lat' dir='ltr'>compositione</span> 
     </span>
     <span class='ocr_line' id='line_1_32' title="bbox 63 3898 1558 3996; baseline 0.002 -27"><span class='ocrx_word' id='word_1_344' title='bbox 63 3900 123 3993; x_wconf 87' lang='lat' dir='ltr'>qui</span> <span class='ocrx_word' id='word_1_345' title='bbox 150 3899 275 3969; x_wconf 80' lang='lat' dir='ltr'>focium</span> <span class='ocrx_word' id='word_1_346' title='bbox 301 3902 363 3970; x_wconf 84' lang='lat' dir='ltr'>sol.</span> <span class='ocrx_word' id='word_1_347' title='bbox 392 3898 466 3971; x_wconf 88' lang='lat' dir='ltr'>DC.</span> <span class='ocrx_word' id='word_1_348' title='bbox 502 3900 671 3994; x_wconf 86' lang='lat' dir='ltr'>culpabilis</span> <span class='ocrx_word' id='word_1_349' title='bbox 698 3901 786 3968; x_wconf 88' lang='lat' dir='ltr'>iudi·</span> <span class='ocrx_word' id='word_1_350' title='bbox 834 3904 987 3996; x_wconf 89' lang='lat' dir='ltr'>componi</span> <span class='ocrx_word' id='word_1_351' title='bbox 1016 3904 1189 3985; x_wconf 82' lang='lat' dir='ltr'>debuerat,</span> <span class='ocrx_word' id='word_1_352' title='bbox 1228 3902 1258 3968; x_wconf 91' lang='lat' dir='ltr'>si</span> <span class='ocrx_word' id='word_1_353' title='bbox 1292 3901 1334 3969; x_wconf 91' lang='lat' dir='ltr'>de</span> <span class='ocrx_word' id='word_1_354' title='bbox 1366 3902 1558 3995; x_wconf 87' lang='lat' dir='ltr'>praecipitio</span> 
     </span>
     <span class='ocr_line' id='line_1_33' title="bbox 64 4003 1560 4097; baseline 0 -26"><span class='ocrx_word' id='word_1_355' title='bbox 64 4014 165 4071; x_wconf 73' lang='lat' dir='ltr'>cetur.</span> <span class='ocrx_word' id='word_1_356' title='bbox 834 4007 1014 4097; x_wconf 83' lang='lat' dir='ltr'>periculum</span> <span class='ocrx_word' id='word_1_357' title='bbox 1048 4003 1162 4071; x_wconf 84' lang='lat' dir='ltr'>mortis</span> <span class='ocrx_word' id='word_1_358' title='bbox 1198 4003 1352 4086; x_wconf 83' lang='lat' dir='ltr'>evaserit,</span> <span class='ocrx_word' id='word_1_359' title='bbox 1387 4003 1560 4072; x_wconf 85' lang='lat' dir='ltr'>medietate</span> 
     </span>
     <span class='ocr_line' id='line_1_34' title="bbox 8 4101 1559 4198; baseline 0.002 -29"><span class='ocrx_word' id='word_1_360' title='bbox 8 4136 18 4151; x_wconf 85' lang='lat'><strong>·</strong></span> <span class='ocrx_word' id='word_1_361' title='bbox 106 4104 213 4182; x_wconf 69' lang='grc' dir='ltr'>Μῧ.</span> <span class='ocrx_word' id='word_1_362' title='bbox 240 4101 347 4172; x_wconf 81' lang='lat' dir='ltr'>Simili</span> <span class='ocrx_word' id='word_1_363' title='bbox 376 4103 479 4173; x_wconf 91' lang='lat' dir='ltr'>modo</span> <span class='ocrx_word' id='word_1_364' title='bbox 507 4104 564 4196; x_wconf 88' lang='lat' dir='ltr'>qni</span> <span class='ocrx_word' id='word_1_365' title='bbox 595 4105 629 4171; x_wconf 92' lang='lat' dir='ltr'>in</span> <span class='ocrx_word' id='word_1_366' title='bbox 650 4108 784 4198; x_wconf 84' lang='lat' dir='ltr'>pelagus</span> <span class='ocrx_word' id='word_1_367' title='bbox 833 4106 938 4171; x_wconf 87' lang='lat' dir='ltr'>leudis</span> <span class='ocrx_word' id='word_1_368' title='bbox 958 4130 1034 4171; x_wconf 89' lang='lat' dir='ltr'>suae</span> <span class='ocrx_word' id='word_1_369' title='bbox 1053 4120 1284 4194; x_wconf 87' lang='lat' dir='ltr'>componatur,</span> <span class='ocrx_word' id='word_1_370' title='bbox 1312 4130 1376 4194; x_wconf 87' lang='lat' dir='ltr'>qua</span> <span class='ocrx_word' id='word_1_371' title='bbox 1404 4105 1559 4194; x_wconf 87' lang='lat' dir='ltr'>componi</span> 
     </span>
     <span class='ocr_line' id='line_1_35' title="bbox 61 4202 1556 4299; baseline -0.001 -25"><span class='ocrx_word' id='word_1_372' title='bbox 61 4202 232 4274; x_wconf 81' lang='lat' dir='ltr'>hominem</span> <span class='ocrx_word' id='word_1_373' title='bbox 252 4203 454 4299; x_wconf 85' lang='lat' dir='ltr'>impinxerit,</span> <span class='ocrx_word' id='word_1_374' title='bbox 478 4222 510 4275; x_wconf 93' lang='lat' dir='ltr'>et</span> <span class='ocrx_word' id='word_1_375' title='bbox 530 4206 649 4274; x_wconf 86' lang='lat' dir='ltr'>exinde</span> <span class='ocrx_word' id='word_1_376' title='bbox 672 4231 785 4274; x_wconf 80' lang='lat' dir='ltr'>evase·</span> <span class='ocrx_word' id='word_1_377' title='bbox 834 4206 998 4288; x_wconf 87' lang='lat' dir='ltr'>debuerat,</span> <span class='ocrx_word' id='word_1_378' title='bbox 1021 4205 1050 4270; x_wconf 85' lang='lat' dir='ltr'>si</span> <span class='ocrx_word' id='word_1_379' title='bbox 1071 4220 1217 4272; x_wconf 82' lang='lat' dir='ltr'>mortuus</span> <span class='ocrx_word' id='word_1_380' title='bbox 1237 4204 1360 4272; x_wconf 87' lang='lat' dir='ltr'>suisset.</span> <span class='ocrx_word' id='word_1_381' title='bbox 1382 4207 1465 4272; x_wconf 78' lang='lat' dir='ltr'>Nam</span> <span class='ocrx_word' id='word_1_382' title='bbox 1482 4207 1556 4274; x_wconf 84' lang='lat' dir='ltr'>etsi</span> 
     </span>
    </p>
   </div>
   <div class='ocr_carea' id='block_1_11' title="bbox 61 4288 2314 4533">
    <p class='ocr_par' dir='ltr' id='par_1_11' title="bbox 61 4288 2314 4533">
     <span class='ocr_line' id='line_1_36' title="bbox 62 4288 1556 4400; baseline 0.002 -27"><span class='ocrx_word' id='word_1_383' title='bbox 62 4302 106 4373; x_wconf 77' lang='lat' dir='ltr'>rit</span> <span class='ocrx_word' id='word_1_384' title='bbox 128 4305 257 4385; x_wconf 77' lang='lat' dir='ltr'>(madh.</span> <span class='ocrx_word' id='word_1_385' title='bbox 277 4310 493 4396; x_wconf 68' lang='lat' dir='ltr'>montanino),</span> <span class='ocrx_word' id='word_1_386' title='bbox 515 4308 607 4375; x_wconf 80' lang='lat' dir='ltr'>lt&#39;M.</span> <span class='ocrx_word' id='word_1_387' title='bbox 631 4309 704 4376; x_wconf 89' lang='lat' dir='ltr'>den.</span> <span class='ocrx_word' id='word_1_388' title='bbox 727 4309 784 4400; x_wconf 89' lang='lat' dir='ltr'>qui</span> <span class='ocrx_word' id='word_1_389' title='bbox 832 4321 978 4376; x_wconf 86' lang='lat' dir='ltr'>mortuus</span> <span class='ocrx_word' id='word_1_390' title='bbox 999 4288 1111 4389; x_wconf 83' lang='lat' dir='ltr'>fuerit,</span> <span class='ocrx_word' id='word_1_391' title='bbox 1137 4305 1358 4395; x_wconf 87' lang='lat' dir='ltr'>unusquisqne</span> <span class='ocrx_word' id='word_1_392' title='bbox 1377 4308 1556 4377; x_wconf 85' lang='lat' dir='ltr'>secundum</span> 
     </span>
     <span class='ocr_line' id='line_1_37' title="bbox 61 4346 2314 4533; baseline -0.003 -61"><span class='ocrx_word' id='word_1_393' title='bbox 61 4402 186 4473; x_wconf 79' lang='lat' dir='ltr'>faciunt</span> <span class='ocrx_word' id='word_1_394' title='bbox 207 4405 302 4474; x_wconf 84' lang='lat' dir='ltr'>solid.</span> <span class='ocrx_word' id='word_1_395' title='bbox 324 4407 361 4475; x_wconf 87' lang='lat' dir='ltr'>C.</span> <span class='ocrx_word' id='word_1_396' title='bbox 387 4398 555 4500; x_wconf 78' lang='lat' dir='ltr'>culpabilis</span> <span class='ocrx_word' id='word_1_397' title='bbox 576 4409 746 4479; x_wconf 80' lang='lat' dir='ltr'>iudicetur.</span> <span class='ocrx_word' id='word_1_398' title='bbox 809 4346 967 4533; x_wconf 56' lang='lat' dir='ltr'>ymodnm</span> <span class='ocrx_word' id='word_1_399' title='bbox 987 4407 1093 4473; x_wconf 87' lang='lat' dir='ltr'>leudis</span> <span class='ocrx_word' id='word_1_400' title='bbox 1113 4431 1189 4510; x_wconf 83' lang='lat' dir='ltr'>suae</span> <span class='ocrx_word' id='word_1_401' title='bbox 1207 4421 1430 4496; x_wconf 90' lang='lat' dir='ltr'>componatur.</span> <span class='ocrx_word' id='word_1_402' title='bbox 1577 4390 1679 4467; x_wconf 65' lang='lat' dir='ltr'>‘Tin</span> <span class='ocrx_word' id='word_1_403' title='bbox 1705 4391 1790 4466; x_wconf 82' lang='lat' dir='ltr'>XV.</span> <span class='ocrx_word' id='word_1_404' title='bbox 1841 4391 1901 4467; x_wconf 83' lang='lat' dir='ltr'>De</span> <span class='ocrx_word' id='word_1_405' title='bbox 1926 4390 2080 4467; x_wconf 76' lang='lat' dir='ltr'>homine</span> <span class='ocrx_word' id='word_1_406' title='bbox 2106 4390 2314 4469; x_wconf 77' lang='lat' dir='ltr'>mordrido.</span> 
     </span>
    </p>
   </div>
   <div class='ocr_carea' id='block_1_12' title="bbox 805 4514 2318 5018">
    <p class='ocr_par' dir='ltr' id='par_1_12' title="bbox 805 4514 2318 5018">
     <span class='ocr_line' id='line_1_38' title="bbox 808 4514 2317 4614; baseline -0.008 -16"><span class='ocrx_word' id='word_1_407' title='bbox 808 4542 812 4589; x_wconf 81' lang='grc' dir='ltr'>Ι</span> <span class='ocrx_word' id='word_1_408' title='bbox 876 4536 907 4606; x_wconf 76' lang='lat'>§-</span> <span class='ocrx_word' id='word_1_409' title='bbox 928 4531 959 4596; x_wconf 85' lang='grc'><strong>3.</strong></span> <span class='ocrx_word' id='word_1_410' title='bbox 982 4525 1019 4597; x_wconf 86' lang='lat' dir='ltr'>Si</span> <span class='ocrx_word' id='word_1_411' title='bbox 1041 4539 1147 4592; x_wconf 91' lang='lat' dir='ltr'>autem</span> <span class='ocrx_word' id='word_1_412' title='bbox 1165 4524 1207 4590; x_wconf 91' lang='lat' dir='ltr'>de</span> <span class='ocrx_word' id='word_1_413' title='bbox 1227 4525 1326 4591; x_wconf 88' lang='lat' dir='ltr'>ramis</span> <span class='ocrx_word' id='word_1_414' title='bbox 1346 4528 1398 4592; x_wconf 79' lang='lat' dir='ltr'>vel</span> <span class='ocrx_word' id='word_1_415' title='bbox 1421 4525 1463 4593; x_wconf 89' lang='lat' dir='ltr'>de</span> <span class='ocrx_word' id='word_1_416' title='bbox 1483 4514 1580 4594; x_wconf 77' lang='lat' dir='ltr'>ha1-&#39;</span> <span class='ocrx_word' id='word_1_417' title='bbox 1643 4525 1679 4593; x_wconf 84' lang='lat' dir='ltr'>Si</span> <span class='ocrx_word' id='word_1_418' title='bbox 1707 4525 1779 4614; x_wconf 84' lang='lat' dir='ltr'>quis</span> <span class='ocrx_word' id='word_1_419' title='bbox 1808 4525 1965 4614; x_wconf 79' lang='lat' dir='ltr'>ingenuus</span> <span class='ocrx_word' id='word_1_420' title='bbox 1992 4522 2168 4613; x_wconf 72' lang='lat' dir='ltr'>ingenitium</span> <span class='ocrx_word' id='word_1_421' title='bbox 2192 4521 2317 4613; x_wconf 81' lang='lat' dir='ltr'>liipua·</span> 
     </span>
     <span class='ocr_line' id='line_1_39' title="bbox 808 4625 2314 4719; baseline -0.003 -25"><span class='ocrx_word' id='word_1_422' title='bbox 808 4627 904 4711; x_wconf 53' lang='grc' dir='ltr'>ι1131)</span> <span class='ocrx_word' id='word_1_423' title='bbox 933 4643 987 4694; x_wconf 92' lang='lat' dir='ltr'>aut</span> <span class='ocrx_word' id='word_1_424' title='bbox 1016 4627 1058 4693; x_wconf 91' lang='lat' dir='ltr'>de</span> <span class='ocrx_word' id='word_1_425' title='bbox 1087 4625 1228 4715; x_wconf 85' lang='lat' dir='ltr'>qualibet</span> <span class='ocrx_word' id='word_1_426' title='bbox 1259 4652 1295 4693; x_wconf 91' lang='lat' dir='ltr'>re</span> <span class='ocrx_word' id='word_1_427' title='bbox 1323 4651 1397 4693; x_wconf 90' lang='lat' dir='ltr'>eum</span> <span class='ocrx_word' id='word_1_428' title='bbox 1429 4632 1553 4719; x_wconf 69' lang='lat' dir='ltr'>coepe-⁴</span> <span class='ocrx_word' id='word_1_429' title='bbox 1598 4627 1682 4693; x_wconf 82' lang='lat' dir='ltr'>tium</span> <span class='ocrx_word' id='word_1_430' title='bbox 1704 4625 1918 4705; x_wconf 81' lang='lat' dir='ltr'>interfecerit,</span> <span class='ocrx_word' id='word_1_431' title='bbox 1947 4639 1979 4690; x_wconf 88' lang='lat' dir='ltr'>et</span> <span class='ocrx_word' id='word_1_432' title='bbox 2000 4649 2074 4689; x_wconf 89' lang='lat' dir='ltr'>eum</span> <span class='ocrx_word' id='word_1_433' title='bbox 2096 4648 2169 4689; x_wconf 88' lang='lat' dir='ltr'>cum</span> <span class='ocrx_word' id='word_1_434' title='bbox 2191 4628 2314 4697; x_wconf 71' lang='lat' dir='ltr'>ramo²)</span> 
     </span>
     <span class='ocr_line' id='line_1_40' title="bbox 807 4720 2316 4817; baseline -0.004 -22"><span class='ocrx_word' id='word_1_435' title='bbox 807 4720 931 4813; x_wconf 60' lang='lat' dir='ltr'>{riserit</span> <span class='ocrx_word' id='word_1_436' title='bbox 951 4741 1005 4795; x_wconf 90' lang='lat' dir='ltr'>aut</span> <span class='ocrx_word' id='word_1_437' title='bbox 1032 4726 1229 4810; x_wconf 88' lang='lat' dir='ltr'>incenderit,</span> <span class='ocrx_word' id='word_1_438' title='bbox 1257 4726 1421 4795; x_wconf 68' lang='lat' dir='ltr'>XXIYM.</span> <span class='ocrx_word' id='word_1_439' title='bbox 1451 4728 1550 4794; x_wconf 90' lang='lat' dir='ltr'>dena·</span> <span class='ocrx_word' id='word_1_440' title='bbox 1598 4727 1819 4817; x_wconf 83' lang='lat' dir='ltr'>cooperuerit,</span> <span class='ocrx_word' id='word_1_441' title='bbox 1849 4728 1902 4791; x_wconf 78' lang='lat' dir='ltr'>vel</span> <span class='ocrx_word' id='word_1_442' title='bbox 1926 4725 1958 4791; x_wconf 93' lang='lat' dir='ltr'>ia</span> <span class='ocrx_word' id='word_1_443' title='bbox 1979 4739 2079 4816; x_wconf 89' lang='lat' dir='ltr'>puteo</span> <span class='ocrx_word' id='word_1_444' title='bbox 2096 4749 2154 4790; x_wconf 91' lang='lat' dir='ltr'>seu</span> <span class='ocrx_word' id='word_1_445' title='bbox 2175 4723 2209 4790; x_wconf 93' lang='lat' dir='ltr'>in</span> <span class='ocrx_word' id='word_1_446' title='bbox 2232 4746 2316 4813; x_wconf 88' lang='lat' dir='ltr'>quo-</span> 
     </span>
     <span class='ocr_line' id='line_1_41' title="bbox 806 4821 2316 4921; baseline -0.006 -24"><span class='ocrx_word' id='word_1_447' title='bbox 806 4830 810 4885; x_wconf 86' lang='lat'>!</span> <span class='ocrx_word' id='word_1_448' title='bbox 828 4830 885 4897; x_wconf 87' lang='lat' dir='ltr'>riis</span> <span class='ocrx_word' id='word_1_449' title='bbox 910 4830 966 4920; x_wconf 88' lang='lat' dir='ltr'>qui</span> <span class='ocrx_word' id='word_1_450' title='bbox 988 4828 1109 4895; x_wconf 88' lang='lat' dir='ltr'>faciunt</span> <span class='ocrx_word' id='word_1_451' title='bbox 1130 4830 1253 4898; x_wconf 85' lang='lat' dir='ltr'>solidos</span> <span class='ocrx_word' id='word_1_452' title='bbox 1276 4828 1348 4898; x_wconf 86' lang='lat' dir='ltr'>DC.</span> <span class='ocrx_word' id='word_1_453' title='bbox 1381 4829 1550 4921; x_wconf 85' lang='lat' dir='ltr'>culpabilis</span> <span class='ocrx_word' id='word_1_454' title='bbox 1598 4852 1724 4919; x_wconf 89' lang='lat' dir='ltr'>cunque</span> <span class='ocrx_word' id='word_1_455' title='bbox 1745 4826 1821 4895; x_wconf 85' lang='lat' dir='ltr'>libet</span> <span class='ocrx_word' id='word_1_456' title='bbox 1843 4830 1918 4894; x_wconf 91' lang='lat' dir='ltr'>loco</span> <span class='ocrx_word' id='word_1_457' title='bbox 1936 4830 2041 4892; x_wconf 78' lang='lat' dir='ltr'>celare</span> <span class='ocrx_word' id='word_1_458' title='bbox 2054 4824 2203 4906; x_wconf 74' lang='lat' dir='ltr'>voluerit,</span> <span class='ocrx_word' id='word_1_459' title='bbox 2225 4821 2316 4913; x_wconf 89' lang='lat' dir='ltr'>quod</span> 
     </span>
     <span class='ocr_line' id='line_1_42' title="bbox 805 4924 2318 5018; baseline -0.005 -22"><span class='ocrx_word' id='word_1_460' title='bbox 805 4929 999 5018; x_wconf 46' lang='lat' dir='ltr'>,iudicetun</span> <span class='ocrx_word' id='word_1_461' title='bbox 1570 4982 1574 4999; x_wconf 91' lang='lat'><strong>.</strong></span> <span class='ocrx_word' id='word_1_462' title='bbox 1598 4929 1717 4997; x_wconf 83' lang='lat' dir='ltr'>dicitur</span> <span class='ocrx_word' id='word_1_463' title='bbox 1737 4925 1940 5010; x_wconf 85' lang='lat' dir='ltr'>mordridus,</span> <span class='ocrx_word' id='word_1_464' title='bbox 1972 4927 2044 4995; x_wconf 77' lang='lat' dir='ltr'>DC.</span> <span class='ocrx_word' id='word_1_465' title='bbox 2069 4924 2184 4993; x_wconf 83' lang='lat' dir='ltr'>solidis</span> <span class='ocrx_word' id='word_1_466' title='bbox 2206 4927 2318 5016; x_wconf 85' lang='lat' dir='ltr'>culpa-</span> 
     </span>
    </p>
   </div>
   <div class='ocr_carea' id='block_1_13' title="bbox 60 5104 2316 5356">
    <p class='ocr_par' dir='ltr' id='par_1_13' title="bbox 60 5104 2316 5356">
     <span class='ocr_line' id='line_1_43' title="bbox 60 5104 2316 5191; baseline -0.004 -20"><span class='ocrx_word' id='word_1_467' title='bbox 60 5120 201 5191; x_wconf 69' lang='lat' dir='ltr'>r&#39;ngenuae</span> <span class='ocrx_word' id='word_1_468' title='bbox 216 5116 309 5174; x_wconf 72' lang='lat' dir='ltr'>nomn</span> <span class='ocrx_word' id='word_1_469' title='bbox 426 5114 454 5183; x_wconf 64' lang='lat' dir='ltr'>t³)</span> <span class='ocrx_word' id='word_1_470' title='bbox 490 5114 637 5170; x_wconf 82' lang='lat' dir='ltr'>Herotd.</span> <span class='ocrx_word' id='word_1_471' title='bbox 658 5120 729 5176; x_wconf 83' lang='lat' dir='ltr'>ccc.</span> <span class='ocrx_word' id='word_1_472' title='bbox 870 5120 896 5185; x_wconf 66' lang='lat' dir='ltr'>r)</span> <span class='ocrx_word' id='word_1_473' title='bbox 933 5118 1033 5175; x_wconf 86' lang='lat' dir='ltr'>Lind.</span> <span class='ocrx_word' id='word_1_474' title='bbox 1054 5116 1131 5173; x_wconf 82' lang='lat' dir='ltr'>addit</span> <span class='ocrx_word' id='word_1_475' title='bbox 1151 5118 1176 5169; x_wconf 77' lang='lat' dir='ltr'>st</span> <span class='ocrx_word' id='word_1_476' title='bbox 1194 5116 1349 5187; x_wconf 66' lang='lat' dir='ltr'>iterarent.</span> <span class='ocrx_word' id='word_1_477' title='bbox 1492 5108 1519 5177; x_wconf 74' lang='lat'>¹)</span> <span class='ocrx_word' id='word_1_478' title='bbox 1554 5105 1755 5166; x_wconf 66' lang='lat' dir='ltr'>Cossano.</span> <span class='ocrx_word' id='word_1_479' title='bbox 1775 5124 1833 5164; x_wconf 88' lang='lat' dir='ltr'>uno</span> <span class='ocrx_word' id='word_1_480' title='bbox 1853 5104 1952 5165; x_wconf 72' lang='lat' dir='ltr'>tenori</span> <span class='ocrx_word' id='word_1_481' title='bbox 1972 5108 2316 5183; x_wconf 56' lang='lat' dir='ltr'>legitimamente.</span> 
     </span>
     <span class='ocr_line' id='line_1_44' title="bbox 62 5214 1898 5356; baseline 0.005 -87"><span class='ocrx_word' id='word_1_482' title='bbox 62 5220 89 5283; x_wconf 67' lang='lat' dir='ltr'>s)</span> <span class='ocrx_word' id='word_1_483' title='bbox 125 5214 198 5275; x_wconf 83' lang='lat' dir='ltr'>cad.</span> <span class='ocrx_word' id='word_1_484' title='bbox 213 5216 292 5271; x_wconf 76' lang='lat' dir='ltr'>Met.</span> <span class='ocrx_word' id='word_1_485' title='bbox 305 5231 400 5273; x_wconf 76' lang='lat' dir='ltr'>raum.</span> <span class='ocrx_word' id='word_1_486' title='bbox 1847 5284 1898 5356; x_wconf 70' lang='grc'>28</span> 
     </span>
    </p>
   </div>
   <div class='ocr_carea' id='block_1_14' title="bbox 0 0 2408 5686">
    <p class='ocr_par' dir='ltr' id='par_1_14' title="bbox 0 0 2408 5686">
     <span class='ocr_line' id='line_1_45' title="bbox 0 0 2408 5686; baseline 0 0"><span class='ocrx_word' id='word_1_487' title='bbox 0 0 2408 5686; x_wconf 95' lang='lat' dir='ltr'> </span> 
     </span>
    </p>
   </div>
  </div>
 </body>
</html>
