4770 5684
104 321 167 391 B
183 318 263 381 we·
279 319 332 379 ltx
349 317 435 378 001).
451 317 563 377 mn.
887 320 965 383 mx
981 319 1061 380 SAL.
1077 320 1292 380 mmmm

117 539 256 615 Sizvero
275 536 688 630 Rathenburgiiillilegem
778 547 807 617 5.
827 541 860 608 4.
895 539 934 611 Si
957 554 1065 609 autem
1084 540 1320 632 Rachinburgii
1345 545 1451 634 Iegem

104 656 133 726 t,
164 654 199 709 et
227 638 284 709 ille
317 653 430 708 contre
462 660 570 728 quem
593 635 688 706 dixe·
735 639 894 727 indicant,
916 654 956 709 -et
981 641 1036 710 eui
1055 640 1232 711 iudicatum
1251 642 1364 728 fuerit,
1385 644 1450 712 hoo

104 741 135 812 ie
155 738 369 824 contradicet,
392 753 424 808 et
441 739 508 808 hoo
528 737 686 807 emtimre
736 741 894 809 sustinere
916 742 1071 827 noluerit,
1101 758 1134 812 et
1160 743 1239 810 dicit
1264 757 1377 812 eontra
1401 746 1450 811 Ie-

104 857 117 912 t·
131 823 214 935 (eoe
234 842 323 911 enim
343 855 455 913 aenne
472 841 581 929 legem
599 838 687 906 iudi·
737 865 813 933 gem
830 840 989 911 iudieaeee
1007 842 1086 928 eibi,
1108 858 1140 911 et
1153 847 1218 914 hoe
1235 843 1450 935 comprobare
1496 832 1503 841 ⁹

104 942 147 1015 ibi
163 957 265 1038 putat,
284 956 317 1012 et
332 938 369 1010 id
390 943 604 1032 comprobare
619 963 687 1009 non
736 966 805 1011 non
836 942 994 1034 potuerit,
1044 959 1155 1014 contra
1188 969 1451 1036 unumquemque

104 1068 117 1132 ι,
148 1041 324 1135 nniopiqne
343 1039 385 1109 de
406 1055 531 1131 septem
551 1039 687 1110 Rathin-
738 1043 780 1111 de
801 1059 925 1136 septem
945 1044 1194 1136 Raohinburgiie
1215 1044 1286 1112 Dc.
1309 1043 1450 1112 denariis

124 1144 198 1216 Dc.
222 1143 333 1214 dener.
360 1140 417 1234 qui
443 1138 566 1211 faciunt
590 1141 686 1211 eolid.
738 1143 795 1234 qui
822 1143 944 1213 faciunt
967 1145 1092 1216 eolides
1112 1146 1189 1214 XV.
1210 1144 1379 1237 culpabilis
1399 1145 1452 1213 iu·

104 1249 185 1317 tvm
258 1310 262 1321 ,
739 1245 874 1315 dicetur.

104 1415 228 1495 ‚m
268 1415 328 1492 De
350 1415 478 1493 Chi-en
496 1414 631 1492 cende.
766 1411 843 1486 Tit.
857 1411 961 1489 LXI.
994 1416 1053 1491 De
1078 1415 1427 1497 ehreneahruilatt.

128 1649 166 1720 si
186 1646 259 1740 quie
280 1649 446 1718 hominem
463 1647 636 1730 occiderit,
658 1661 690 1715 et
811 1643 848 1714 Si
872 1645 946 1736 quia
974 1647 1142 1716 hominem
1169 1647 1341 1732 occiderit,
1370 1664 1401 1717 et
1421 1649 1456 1717 in

104 1750 279 1819 ‚famltate
307 1774 373 1819 non
402 1750 566 1832 habuerit,
602 1747 689 1814 unde
742 1758 809 1812 tota
839 1745 989 1814 facultate
1017 1773 1075 1815 aua
1102 1773 1169 1817 non
1202 1749 1364 1832 habuerit,
1396 1775 1458 1816 un—

104 1855 203 1942 legem
223 1851 369 1943 impleat,
404 1849 578 1919 duodecim
602 1850 690 1916 iura·
742 1844 784 1911 de
810 1859 909 1912 totam
937 1850 1044 1939 legem
1072 1850 1206 1940 implere
1227 1853 1348 1933 valeat,
1380 1850 1456 1917 XII.

104 1951 197 2033 labit,
229 1951 319 2041 quod
347 1975 407 2018 nec
433 1952 544 2017 subtus
571 1955 689 2015 terram
741 1945 899 2013 iuratores
920 1947 1028 2032 donet,
1049 1951 1173 2040 quod¹')
1195 1975 1255 2017 nec
1277 1974 1375 2040 super
1392 1964 1458 2017 ter-

106 2075 205 2142 eupra
231 2066 350 2119 terram
376 2055 449 2144 plus
477 2051 519 2116 de
539 2049 689 2116 facultate
741 2044 812 2112 ram
837 2071 897 2113 nec
925 2049 1069 2130 rubruc)
1098 2064 1216 2119 terram
1251 2051 1387 2142 ampliue
1416 2048 1458 2116 de

104 2175 237 2241 „qnam
257 2151 411 2231 donavit,
439 2166 470 2217 et
497 2164 610 2241 postea
631 2150 691 2216 de·
743 2147 892 2215 facultate
912 2172 979 2217 non
1000 2151 1133 2236 habeat,
1160 2153 1224 2219 nisi
1244 2151 1334 2242 quod
1355 2150 1459 2220 dona·

108 2274 216 2320 meam
236 2275 328 2321 tuam
345 2251 476 2333 intrare,
499 2264 530 2316 et
552 2250 593 2316 de
611 2274 691 2340 qua·
743 2265 812 2317 tum
842 2252 949 2318 habet.
1005 2251 1122 2319 Postea
1150 2251 1270 2319 intrare
1298 2251 1397 2319 debet
1423 2250 1458 2317 in

104 2351 197 2446 tgulis
215 2366 319 2419 terrae
340 2356 509 2445 pulverem
528 2352 564 2418 in
580 2374 690 2442 pugno
745 2374 852 2417 caeam
871 2375 979 2435 ruam,
1000 2367 1032 2418 et
1053 2351 1096 2420 de
1116 2368 1254 2443 quatuor
1273 2351 1398 2444 angulis
1416 2350 1459 2418 de

104 2475 150 2538 re,
171 2451 205 2519 et
222 2466 335 2545 poetea
356 2451 402 2518 im
414 2452 585 2544 duropello
605 2465 690 2517 stare
743 2465 827 2517 terra
840 2449 895 2518 illa
908 2450 943 2517 in
961 2478 1072 2545 pugno
1086 2478 1146 2522 auo
1167 2455 1330 2544 colligere,
1347 2467 1379 2520 et
1391 2466 1457 2520 eta-

104 2576 123 2622 e
149 2572 259 2622 earam
283 2567 413 2645 captare
440 2553 552 2634 debet,
583 2564 616 2618 et
642 2549 690 2616 eie
742 2576 779 2618 re
800 2550 834 2618 in
852 2551 999 2643 durpilo,
1020 2555 1083 2622 hoc
1101 2553 1188 2636 eet‘l)
1208 2555 1243 2621 in
1262 2554 1455 2638 liminare‘),

104 2652 175 2722 intra
200 2677 297 2722 mann
323 2667 409 2720 trane
442 2674 515 2719 suae
544 2653 691 2741 scapulae
744 2666 775 2718 et
793 2651 879 2719 intua
901 2651 1074 2745 captares),
1097 2668 1129 2721 et
1150 2678 1223 2720 cum
1244 2653 1370 2721 sinistra
1386 2677 1457 2721 ma-

127 2777 227 2848 mper
250 2753 487 2845 proximiorem
513 2766 689 2842 parentem.
744 2777 788 2818 nu
819 2752 860 2818 de
887 2753 943 2819 illa
970 2768 1055 2821 terra
1086 2759 1168 2820 ultra
1202 2777 1275 2820 auae
1310 2756 1456 2843 scapulae

104 2853 216 2923 riiem
239 2867 331 2946 pater
351 2866 405 2919 aut
425 2867 527 2920 mater
547 2875 604 2917 eeu
625 2850 692 2916 lra-
744 2849 862 2919 iactare
882 2876 981 2943 euper
1008 2878 1104 2945 quem
1131 2853 1367 2945 proximiorem
1397 2875 1458 2943 pa·

104 2952 206 3048 tipeo
219 2959 406 3050 advertant,
429 2977 527 3045 enper
544 2974 691 3018 sororem
744 2964 868 3018 rentem
889 2954 995 3020 habet
1039 2953 1139 3040 Quod
1159 2952 1188 3020 ei
1208 2953 1273 3019 iam
1293 2963 1459 3042 paterent

104 3055 186 3131 etr-ie
207 3069 261 3121 ant
280 3079 379 3144 anper
401 3055 470 3122 eius
491 3053 575 3121 filios
596 3051 693 3118 debet
745 3066 847 3120 mater
873 3056 927 3121 vel
955 3053 1087 3134 fratert)
1109 3052 1280 3135 solverint,
1308 3065 1384 3118 tunc
1403 3074 1459 3117 en-

104 3179 209 3224 emm
227 3154 363 3234 iactare3
394 3155 483 3245 quod
504 3154 533 3221 ei
553 3153 605 3220 isti
627 3175 693 3219 non
745 3178 806 3243 per
831 3178 979 3223 sororem
1000 3153 1109 3222 matris
1131 3167 1185 3220 eut
1204 3177 1303 3245 anper
1322 3176 1399 3222 euos
1420 3152 1460 3220 fi-

104 3272 127 3340 t,
149 3278 248 3347 eoper
268 3271 331 3323 uer
353 3257 395 3323 de
416 3253 622 3346 generatione
635 3275 695 3343 pa·
744 3255 807 3323 lios
826 3256 920 3325 debet
941 3257 1031 3323 illam
1051 3269 1168 3322 terram
1190 3255 1324 3339 iactare,
1345 3254 1381 3322 id
1401 3269 1459 3339 eet,

112 3357 239 3438 metria,
271 3357 327 3445 qui
354 3357 573 3447 proximiores
601 3366 692 3431 sunu
746 3380 842 3445 anper
864 3372 930 3423 tres
959 3357 1001 3423 de
1028 3355 1236 3446 generatione
1255 3355 1381 3439 matria,
1403 3354 1460 3445 qui

104 3473 148 3525 tet
168 3455 203 3522 in
230 3456 379 3537 emnieia,
409 3455 598 3535 discinctus,
627 3452 695 3518 die-
745 3456 962 3545 proximiores
992 3469 1082 3536 eunt,
1110 3471 1141 3521 et
1164 3470 1278 3546 postea
1304 3456 1339 3522 in
1360 3453 1461 3523 cami·

104 3580 139 3640 e,
171 3559 248 3647 pelo
269 3556 304 3624 in
324 3582 437 3638 manu,
465 3577 563 3644 supra
583 3577 694 3643 sepem
746 3553 848 3636 siat),
877 3555 1051 3622 discinctus
1080 3571 1112 3623 et
1141 3556 1359 3640 discalciatus,
1387 3578 1461 3624 cum

116 3672 152 3725 ut
172 3680 236 3747 pro
257 3656 437 3738 medietate,
459 3670 612 3745 quantum
633 3676 695 3744 pro
745 3658 821 3745 palo
843 3654 877 3721 in
898 3680 1004 3737 manu,
1026 3680 1123 3746 eupra
1144 3678 1255 3745 sepem
1282 3657 1377 3721 salire
1401 3656 1461 3722 de-

104 3756 219 3827 tillone
233 3756 373 3839 deberet,
395 3771 448 3823 aut
469 3771 621 3845 quantum
642 3756 696 3818 lex
747 3755 817 3838 bet,
852 3769 887 3822 ut
914 3779 975 3846 pro
1007 3755 1192 3836 medietate,
1228 3767 1382 3843 quantum
1417 3756 1461 3823 de

104 3871 128 3938 t,
162 3857 211 3923 illi
238 3871 304 3924 tres
331 3858 455 3924 solvant
485 3856 526 3923 de
554 3869 697 3921 materna
748 3855 984 3946 compositione
1005 3856 1098 3946 diger
1117 3853 1211 3938 eet5),
1234 3869 1289 3923 aut
1307 3869 1462 3945 qnantum

104 3957 200 4027 tione.
248 3958 321 4026 Hoc
351 3957 456 4024 atilli
484 3957 537 4023 alii
571 3955 626 4047 qui
655 3955 697 4021 de
747 3958 801 4021 lex
824 3956 956 4040 dicad),
980 3957 1026 4023 illi
1047 3972 1111 4023 tree
1133 3957 1268 4022 solvant.
1311 3955 1404 4023 Idem
1421 3956 1463 4022 il·

104 4082 117 4125 ι
137 4059 345 4150 generatione
359 4058 490 4127 veniunt
510 4058 618 4126 facere
639 4056 698 4123 de·
746 4056 770 4123 li
798 4056 853 4122 alii
884 4057 939 4146 qui
961 4057 1002 4123 de
1023 4071 1156 4148 paterna
1173 4056 1383 4147 generatione
1403 4080 1462 4127 re-

746 4157 836 4225 niunt
857 4156 963 4224 lacere
982 4158 1111 4226 debent.

104 4313 108 4331 .
136 4260 273 4331 sivero
295 4258 410 4350 aliquia
431 4283 472 4326 ex
491 4257 554 4326 illie
575 4281 698 4350 paupe-
748 4258 784 4328 si
806 4284 886 4328 vero
909 4259 1024 4350 aliquia
1051 4285 1093 4327 ex
1112 4257 1177 4326 illie
1195 4258 1371 4351 pauperior
1388 4256 1463 4327 fue-

104 4361 187 4443 ren't,
221 4375 253 4428 et
279 4362 477 4442 nonhabet,
506 4358 593 4427 unde
615 4362 698 4429 inte·
747 4359 807 4441 rit,
833 4375 865 4428 et
891 4386 958 4430 non
985 4362 1098 4442 habet,
1131 4359 1217 4427 unde
1238 4360 1280 4426 ed
1300 4360 1461 4452 integrum

105 4465 211 4531 solvat
243 4462 404 4542 debitum,
440 4461 622 4552 quicunque
655 4464 697 4531 de
724 4463 893 4551 ,debitum
915 4465 1028 4544 solvat,
1049 4463 1232 4554 quicunque
1254 4462 1296 4529 de
1312 4458 1463 4528 illisam·

105 4587 143 4629 ue
165 4563 230 4631 alio
246 4564 342 4628 hebet
358 4566 513 4641 exsolvat,
538 4564 696 4630 etiterum
724 4556 728 4569 '
748 4565 832 4655 plius
855 4567 966 4643 habet,
995 4562 1110 4630 iterum
1139 4588 1237 4656 super
1257 4563 1347 4630 illum
1369 4563 1463 4629 chre·

116 4664 208 4732 illum
242 4664 360 4730 clarene
395 4666 515 4731 chnida
551 4666 606 4732 ille
641 4665 696 4755 qui
749 4665 947 4744 rectruda)
985 4665 1039 4731 ille
1086 4665 1141 4754 qui
1187 4663 1362 4756 pauperior
1413 4677 1461 4729 eet

104 4763 231 4857 aperior
255 4764 366 4849 iactet,
390 4781 434 4832 art
454 4766 508 4834 ille
529 4781 629 4835 totam
650 4769 700 4834 le·
727 4766 859 4852 ¹iactet,
887 4783 919 4835 et
946 4766 1000 4833 ille
1025 4781 1126 4835 totam
1146 4768 1252 4857 legem
1278 4776 1461 4858 componet.

104 4936 309 4946 ...α-..ῳ-

104 4991 197 5039 tml.
246 4937 566 5054 deod-ommno.
615 4985 1275 5062 (l)Cod.llonn.0rnittitindurpilolloceat.
1314 4985 1447 5060 ⁹)Codd.
1463 4967 2070 5053 net,nanaetcuettdimttertlrtl·
2108 4960 2219 5032 ¹l00‘l·

104 5075 270 5141 tercnptere.
347 5070 719 5140 e>Cod.Bonn.srntres.
793 5069 1317 5135 Ιἱ)ΡίιΙι.είΟοιΙ.ΒιιιιΙΜιυηίια.
1387 5046 2219 5140 ὖ)(οᾶοὓοηᾶΐεσωίΜΜΜᾸΨΜΜ·

104 5152 147 5205 bct
164 5149 306 5221 digeram
325 5152 397 5211 eod.
412 5157 490 5226 Reg.
505 5153 623 5212 dederit.
693 5153 720 5220 t)
738 5153 808 5210 Ood.
825 5157 937 5210 Bona.
949 5157 1068 5214 iudicat.
