4808 5686
147 86 225 163 ‚tto

233 285 310 339 LEX
338 277 417 334 stt..
447 279 500 332 EX
529 275 615 333 COD.
646 275 777 330 cvntt.
997 276 1073 330 LEX
1100 272 1180 331 sat..
1206 275 1260 331 Ex
1289 275 1374 331 COD.
1403 275 1543 373 MQIIAC.
1652 211 1660 399 l
1778 283 1854 339 Lttx
1879 284 1959 340 snt..
1984 285 2035 339 Ex
2065 284 2151 342 COD.
2175 286 2292 343 PARIS.

154 403 2371 445 Μ

152 507 274 585 LXII.
314 504 373 576 De
393 525 441 575 eo
460 498 580 596 quise
599 498 646 568 de
662 495 863 594 parentilla
914 499 991 571 Tit.
1006 496 1091 571 LX.
1125 499 1183 571 Dc
1207 522 1253 571 co
1275 500 1419 597 quia-(lc
1434 524 1630 599 separen·
1655 453 1816 583 lXClII.
1849 507 1908 580 De
1927 529 1976 581 eo
1991 507 2064 605 qui,
2079 466 2171 583 sctle
2189 510 2386 607 parentilln

392 600 517 674 tolleri
535 597 628 672 volt.
1058 599 1139 670 tilla
1154 598 1291 705 tollere
1305 600 1486 705 voluerit.
1914 607 2051 703 tollere
2065 606 2188 685 wilt,

198 743 236 809 ln
259 738 356 805 mallo
383 733 472 798 leuth
501 742 532 794 et
558 728 613 793 het
639 725 772 793 tunzino
798 750 867 792 am·
961 730 1000 797 In
1023 732 1155 797 mallum
1176 745 1249 797 ante
1274 729 1443 820 tunginum
1467 734 1631 801 ambulare
1657 780 1660 853 Ι
1723 743 1751 813 5.
1774 737 1806 805 1.
1838 736 1876 804 Si
1899 737 1972 828 quic
1998 736 2041 806 tle
2066 738 2256 829 parentibus
2283 744 2388 813 nnn·

51 854 57 861 '
155 847 268 913 balare
289 835 396 917 debit,
426 847 458 899 et
479 828 594 896 ibidim
614 829 673 896 IV.
694 826 798 894 fastos
820 829 868 893 al·
920 830 1027 914 debet,
1056 845 1089 899 et
1114 846 1267 923 quattuor
1285 830 1386 899 fustes
1407 832 1557 908 calicinot
1578 858 1634 901 cn·
1678 838 1765 919 vult,
1791 835 1828 905 in
1847 840 1979 906 mallum
1999 854 2073 907 ante
2092 838 2265 911 wnzinum
2284 846 2394 913 mlta..

69 944 75 953 “
156 945 250 1013 ninus
272 937 422 1026 frangere·
451 956 548 1022 super
569 943 664 1019 caput
684 952 744 995 suo
769 927 867 1009 debit,
919 956 979 1022 per
1000 946 1096 1023 capnt
1116 958 1211 1002 cunm
1232 932 1381 1021 &angere
1400 931 1513 1016 debet,
1540 950 1571 1003 et
1591 935 1633 1002 it·
1657 924 1660 931 ¹
1680 940 1749 1005 lare
1777 937 1890 1022 debet,
1923 953 1957 1006 ct
1985 939 2034 1006 ibi
2060 939 2102 1010 (lc
2130 956 2273 1032 quatuor
2296 942 2395 1015 Inna·

158 1058 191 1111 et
210 1042 284 1109 illos
302 1036 364 1103 IV.
385 1033 485 1124 partis
504 1034 601 1098 mallo
621 1028 749 1111 iactare,
771 1045 803 1095 et
822 1027 868 1095 ibi
920 1037 970 1101 los
998 1034 1032 1099 in
1057 1049 1209 1123 quattuor
1233 1050 1340 1126 partes
1367 1033 1401 1101 in
1430 1032 1505 1124 ipeo
1534 1038 1633 1103 mallo
1682 1038 1807 1107 clninos
1826 1065 1927 1130 anper
1947 1053 2042 1130 capnt
2063 1064 2159 1109 cuum
2174 1042 2392 1137 frangere&-

159 1142 287 1219 sidero,
309 1134 398 1227 qnod
420 1147 586 1200 eromento
611 1146 644 1197 et
660 1129 870 1197 hereditatem
921 1134 1039 1199 iactare
1062 1134 1173 1216 «lebet,
1205 1148 1236 1202 et
1256 1134 1303 1202 ibi
1328 1134 1454 1216 dicere,
1488 1137 1576 1226 qnod
1599 1161 1635 1202 se
1680 1140 1752 1222 bet,
1774 1154 1805 1208 et
1824 1141 1899 1210 illos
1920 1156 2059 1229 quatuor
2077 1157 2185 1232 partes
2204 1144 2393 1215 iactando·

160 1257 227 1312 tota
252 1237 415 1306 sacionem
444 1257 485 1300 eo
514 1235 614 1301 tollat.
923 1235 965 1301 de
991 1235 1170 1303 iuramento
1198 1250 1230 1300 et
1255 1235 1297 1301 de
1325 1237 1501 1304 hereditate
1531 1251 1563 1303 et
1592 1236 1634 1302 de
1681 1241 1752 1321 bet,
1782 1255 1818 1313 et·
1835 1242 1890 1307 ubi
1912 1241 2022 1310 dicere
2047 1243 2159 1325 debet,
2187 1244 2282 1335 quod
2298 1270 2334 1315 ω
2352 1246 2390 1317 ὼ

922 1349 989 1402 tota
1010 1336 1134 1402 ratione
1154 1335 1285 1403 illorum
1306 1339 1405 1405 tollat.
1659 1354 1663 1401 t
1681 1339 1861 1408 iuramento
1887 1356 1919 1409 et
1946 1342 1989 1409 de
2009 1343 2188 1413 hereditate
2214 1360 2248 1415 et
2269 1346 2315 1417 (Ic
2330 1362 2393 1419 ton

1660 1424 1663 1515 s
1683 1439 1808 1509 ratione
1824 1436 1995 1525 illomm3'

148 1544 217 1614 sic
244 1538 350 1633 postia
384 1533 499 1624 aliquis
525 1529 567 1598 de
594 1530 660 1596 suis
688 1525 873 1619 parentibus
901 1536 965 1651 'Et
987 1534 1183 1626 inpostea,
1215 1538 1243 1603 ci
1271 1536 1386 1625 aliquis
1412 1537 1454 1604 de
1484 1535 1549 1603 suis
1577 1561 1636 1627 pa·
1660 1524 1738 1653 {ant
1764 1540 1793 1608 ci
1820 1542 1942 1632 aliquid
1971 1543 2014 1611 de
2039 1545 2106 1613 cuis
2135 1548 2326 1637 parenn‘bun
2344 1558 2394 1618 ant

163 1658 217 1710 ant
233 1639 390 1708 moriatur
410 1649 464 1700 aut
485 1630 656 1713 occideret,
677 1631 765 1695 nulla
789 1627 872 1693 adeo
902 1636 1067 1702 ¹rentibus
1098 1653 1151 1702 aut
1184 1638 1340 1705 moriatur
1373 1652 1426 1704 aut
1459 1637 1635 1718 occidatur,
1663 1640 1915 1709 'moriaturaut
1936 1645 2118 1731 occidatur,
2140 1649 2394 1719 anthedium

162 1739 396 1809 nechemdiras
416 1758 476 1801 nec
498 1730 686 1822 conposicio
699 1727 873 1822 permanit3
902 1690 907 1775 l
925 1738 1012 1802 nulla
1034 1736 1075 1802 atl
1096 1737 1153 1805 illo
1174 1761 1235 1805 nec
1257 1737 1438 1828 conpositio
1464 1762 1524 1806 nec
1542 1739 1638 1804 here-
1683 1765 1745 1809 nec
1765 1743 1927 1811 heredites
1946 1770 2008 1815 nec
2024 1749 2209 1840 conpositio
2221 1750 2392 1842 perveniat.

927 1835 1009 1903 ditas
1028 1851 1201 1928 perteneat.
2296 1896 2299 1903 ·

163 1946 191 2012 si
218 1965 299 2010 vero
328 1941 400 2008 solo
433 1933 590 2002 moriatur
617 1944 670 1996 aut
699 1927 875 2009 occidatur,
1727 1951 1756 2020 §-
1777 1949 1809 2011 2,
1842 1945 1880 2013 si
1899 1969 1980 2015 vem
2005 1962 2059 2013 aut
2079 1947 2135 2016 1110
2156 1948 2326 2019 mm,
2343 1964 2394 2017 m

163 2039 352 2133 conposicio
384 2051 437 2104 aut
465 2033 627 2101 hereditas
658 2028 700 2096 ad
728 2026 773 2093 eis
798 2051 876 2118 per·
1684 2042 1857 2128 moriatur,
1887 2047 2069 2137 conpositio
2096 2064 2151 2118 am
2171 2050 2335 2120 borodim
2353 2048 2392 2117 ,d

164 2144 293 2212 maniat.
680 2224 684 2231 1
1684 2144 1765 2213 fisco
1786 2146 1954 2236 pertineat.

273 2407 413 2485 LXIII.
465 2404 524 2505 De
550 2400 760 2478 Carvenna.
1002 2400 1080 2477 Tit.
1097 2398 1203 2473 LXI.
1242 2399 1301 2475 De
1326 2399 1561 2497 Cltarovena.
1662 2390 1667 2511 l
1823 2352 1956 2474 mv}
2006 2401 2066 2475 De
2089 2400 2257 2479 Arcena.

206 2553 238 2623 ἦ.
260 2544 292 2609 1.
323 2539 360 2610 si
380 2536 453 2628 quis
475 2533 571 2602 alteri
592 2557 690 2622 super
709 2531 766 2599 illo
786 2528 876 2596 idem
902 2560 908 2665 Ι
967 2541 997 2611 §-
1029 2534 1060 2599 1.
1098 2529 1135 2600 Si
1163 2528 1236 2618 quis
1263 2532 1357 2599 alteri
1382 2532 1424 2600 de
1453 2557 1550 2601 manu
1577 2556 1667 2623 pert
1727 2538 1757 2608 I.
1780 2533 1809 2598 1.
1840 2531 1877 2600 si
1903 2529 1975 2619 quis
2004 2529 2046 2599 de
2068 2550 2170 2599 manu·
2192 2532 2234 2601 nil
2263 2532 2314 2601 in
2338 2558 2393 2625 per

163 2667 260 2714 mano
281 2665 380 2729 super
399 2638 456 2704 illo
482 2636 620 2724 aliquem
641 2631 783 2723 inripuit‚
805 2653 875 2696 rem
904 2668 908 2677 =
925 2633 1076 2702 virtutem
1097 2629 1219 2719 aliquid
1240 2631 1356 2712 tulerit,
1377 2631 1418 2697 de
1439 2632 1638 2722 superillam
1663 2612 1836 2707 lvirttssm
1857 2630 1979 2719 aliquid
1999 2633 2106 2699 tulerit
2124 2646 2177 2698 ant
2191 2634 2392 2725 rapueritvel

163 2751 198 2816 in
217 2742 321 2835 capite
342 2738 472 2821 reddat,
494 2739 555 2805 sol.
576 2735 688 2802 XXX.
706 2734 791 2822 culp.
805 2726 874 2797 iud.
926 2731 1052 2800 remia
1078 2729 1246 2820 capitalem
1266 2729 1425 2816 restituat,
1453 2745 1487 2800 et
1504 2731 1638 2824 insuper
1687 2731 1917 2821 expoliaverit,
1951 2732 2077 2801 CCXL.
2110 2731 2185 2803 den.
2216 2758 2252 2825 q.
2283 2734 2307 2803 f.
2338 2736 2392 2805 col.

150 2874 156 2883 ·
926 2833 1023 2903 solid.
1042 2830 1155 2901 XXX.
1176 2831 1260 2921 culp.
1280 2830 1349 2899 ind.
1685 2831 1797 2899 XXX.
1817 2833 1903 2923 culp.
1923 2831 1994 2902 iutl.

207 3053 236 3123 t.
264 3047 296 3113 3.
329 3040 366 3111 δί
394 3040 572 3130 quievero
599 3056 789 3125 quecunque
816 3031 876 3099 ‹le-
969 3042 998 3114 t.
1023 3038 1057 3102 2.
1088 3031 1223 3122 Siquis
1248 3056 1330 3101 vero
1356 3035 1458 3103 homo
1486 3034 1639 3125 quislibet
1731 3040 1760 3109 §-
1789 3037 1821 3100 2.
1867 3031 1903 3102 Si
1933 3058 2014 3103 vem
2048 3033 2233 3129 quicunquo
2261 3037 2394 3131 ἄψ

160 3169 263 3238 ¹super
287 3141 452 3211 hominem
479 3135 661 3205 interritum
687 3134 818 3202 miseret
842 3132 876 3199 in
926 3159 999 3203 rem
1018 3131 1298 3249 supenhomincm
1316 3134 1455 3203 intertia
1465 3134 1639 3203 manumi-
1665 3128 1853 3251 {hominem
1872 3133 1998 3249 aliquid
2014 3135 2056 3201 de
2074 3135 2169 3204 tertia
2186 3160 2286 3209 mann
2302 3136 2395 3207 ώ-

164 3249 322 3325 violente,
350 3265 416 3331 qno
438 3239 465 3305 ci
489 3236 668 3323 agnusciret
694 3235 757 3302 dic.
785 3234 875 3302 tollat
927 3249 1020 3318 cent,
1046 3248 1078 3301 et
1101 3258 1132 3299 et
1145 3257 1205 3324 per
1221 3247 1373 3301 virtutem
1392 3235 1500 3301 tulerit
1517 3239 1641 3318 (mal·
1665 3247 1747 3321 trit,
1769 3247 1801 3300 ct
1819 3258 1919 3323 cuper
1937 3238 2233 3335 virtutem-aliquid
2255 3238 2289 3307 οἱ
2305 3240 2393 3307 tuno.

167 3346 304 3430 (malb.
327 3344 473 3420 caroen),
493 3341 551 3404 sol.
565 3336 678 3403 XXX.
691 3349 873 3426 componat.
926 3337 1010 3403 bur.
1031 3338 1249 3417 chamenun),
1270 3337 1331 3405 col.
1345 3334 1458 3403 XXX.
1472 3340 1557 3431 culp.
1571 3335 1637 3404 iuti
1664 3332 1886 3502 bitsffl.
1902 3349 2072 3501 purlomppl,
2092 3338 2319 3409 leucader.
2330 3336 2393 3431 q.t

1687 3456 1725 3502 co
1872 3485 1879 3500 .
1954 3461 1987 3525 p.
2007 3459 2077 3504 iu.

267 3588 405 3668 vat.
442 3589 516 3663 ·De
541 3587 763 3688 ereburgiis.
978 3592 1056 3667 Tit.
1079 3590 1217 3666 LXIV.
1267 3590 1327 3666 De
1352 3589 1584 3692 erburgium.
1791 3584 1907 3661 XCV.
1958 3586 2018 3661 Ilo
2042 3586 2287 3691 licreburgic.

206 3835 236 3906 ς.
257 3824 286 3891 1.
320 3822 355 3892 Si
381 3819 453 3912 quis
480 3823 613 3887 alternm
639 3821 778 3887 barbaro
809 3822 876 3887 cla·
969 3830 998 3902 ς.
1028 3822 1058 3889 1.
1097 3821 1133 3891 si
1160 3819 1232 3912 quic
1262 3822 1397 3888 alterum
1428 3821 1638 3913 herburgiurn
1664 3796 1670 3905 l
1743 3814 1780 3886 Si
1807 3814 1880 3907 quis
1908 3818 2044 3883 altemm
2075 3818 2256 3911 herburgio
2283 3822 2392 3891 clama·

160 3910 320 4005 inaveret‚
348 3925 412 3989 hoc
433 3935 481 3988 est
501 3920 712 4011 strioporcio‚
741 3935 794 3986 ant
816 3920 874 3990 illo
927 3922 1125 4005 clamaverit,
1146 3924 1211 3989 hoc
1231 3935 1280 3987 est
1297 3919 1502 4011 strioportio,
1524 3936 1578 3988 aut
1597 3924 1638 3990 il·
1664 3908 1787 4009 iverit,
1817 3918 1882 3985 hoc
1909 3931 1957 3982 est
1987 3917 2192 4011 strioportio,
2227 3933 2284 3988 ant
2304 3920 2392 4003 ,illm

163 4028 220 4119 qni
242 4026 277 4092 in
298 4047 338 4091 eo
359 4037 490 4114 portare
513 4022 640 4104 dicitur,
662 4020 795 4087 absit-ias
817 4045 875 4089 cu·
926 4029 993 4092 lnm
1022 4023 1079 4114 qni
1100 4044 1216 4089 cneum
1235 4035 1357 4111 portat,
1390 4019 1447 4087 nbi
1467 4021 1559 4089 strias
1581 4046 1637 4091 co-
1664 4016 1743 4108 tqui
1764 4016 1833 4085 inio
1846 4030 1987 4107 portare
2007 4016 2071 4100 dn,
2103 4016 2161 4085 nbi
2188 4020 2284 4089 ctrina
2311 4016 2392 4091 coci·

167 4129 287 4209 cinent,
317 4125 461 4207 (malb.)
482 4124 541 4190 sol.
563 4120 669 4189 LXII.
688 4123 774 4213 culp.
794 4119 863 4190 iud.
926 4125 1068 4217 qninant,
1090 4135 1121 4189 et
1135 4144 1202 4188 non
1213 4120 1353 4212 potuerit
1364 4118 1555 4213 adprobare,
1575 4125 1636 4196 sol.
1686 4132 1778 4201 nant,
1811 4131 1846 4211 et
1868 4116 2008 4209 probare
2038 4142 2105 4187 non
2135 4120 2296 4211 potnerit,
2323 4110 2391 4191 IIII.

926 4226 1031 4298 LXII
1049 4224 1134 4315 culp.
1154 4219 1224 4288 iud.
1687 4216 1761 4286 den.
1782 4241 1814 4308 q.
1833 4214 1855 4283 l'.
1876 4210 1936 4286 eol.
1959 4216 2063 4287 LXII.
2085 4242 2109 4285 a.
2132 4220 2217 4308 culp.
2237 4218 2308 4289 ind.

205 4533 234 4601 ς.
258 4526 299 4587 2!
324 4516 359 4588 Si
380 4538 462 4584 vero
482 4514 651 4583 mulierem
672 4520 875 4602 clamaveret,
968 4531 997 4601 t.
1020 4528 1052 4592 2.
1086 4522 1122 4593 Si
1150 4523 1222 4616 quis
1246 4525 1416 4592 mulierem
1436 4522 1545 4589 siriam
1570 4522 1636 4589 cta.

163 4618 369 4711 hoctoaginta
382 4634 414 4686 et
434 4616 532 4685 cernis
551 4617 675 4687 solidus
691 4633 874 4711 componat.
926 4622 1077 4707 maverit,
1113 4639 1145 4692 et
1176 4647 1242 4695 non
1273 4621 1414 4716 potuerit
1444 4619 1634 4712 adprobare,

925 4724 1065 4791 xxxv.
1087 4729 1146 4795 201.
1168 4730 1253 4817 cap.
1274 4724 1344 4797 tua.

267 4906 291 4972 ⁸)
322 4903 767 4969 SicGod.Bonn.etBalnz.;
792 4904 1184 4964 God.llamb.cum1.ind.
1202 4906 1367 4981 parentitlc.
1474 4906 1503 4974 b)
1535 4908 1736 4972 CodAEamb,
1755 4916 1884 4973 votum,
1932 4980 1937 4989 Ι
1993 4924 2017 4991 e)
2047 4926 2133 4980 ΒΜ.
2153 4925 2185 4982 jn
2203 4926 2392 4988 coichntt.

161 4992 193 5063 α)
212 4989 258 5045 Sic
274 4986 364 5046 codd.
378 4989 527 5053 Thoan„
546 4983 665 5056 xxpit.
678 4992 706 5039 et
720 4984 849 5055 Bamb.;
875 4989 947 5047 cod.
960 4991 1070 5045 Bonn.
1084 5005 1225 5049 euroeam·
1252 4987 1325 5045 cod.
1339 4991 1406 5045 En.
1418 4987 1591 5050 enormen«.
1699 5001 1724 5067 e)
1744 4998 1814 5060 Cod.
1830 5001 1954 5077 nxptt.
1966 5009 2172 5081 pertinetem,
2280 5008 2309 5079 t)
2326 5010 2391 5073 ω

159 5070 279 5132 Bamb.
292 5079 451 5147 componat.
556 5069 584 5133 t)
614 5065 685 5124 cod.
703 5069 810 5129 Bonn.
827 5070 1053 5143 cltcrcbnrgtum.
1135 5069 1187 5138 ''·)
1205 5071 1276 5128 eod.
1294 5071 1562 5132 Bamb.extrtam.
