4808 5686
29 180 33 188 ,

24 194 29 204 ’
161 193 164 197 ·
299 177 344 227 Π

19 212 23 224 Ι

298 399 386 468 ante
411 391 482 468 hos
509 392 643 467 decem
667 415 805 484 annos,
841 389 907 489 qui
923 397 1175 489 praematura
1199 394 1324 463 morte
1349 388 1486 465 litteris
1521 402 1673 491 ereptus
1694 400 1771 487 est,
1806 395 2061 507 docuitl'sog
2068 353 2181 496 gius.
2241 398 2342 474 llino

296 567 449 642 insolita
480 567 548 640 illa
576 565 751 640 editionis
783 523 936 638 nostrae
962 561 1108 651 forma,
1144 558 1272 658 primo
1297 538 1477 655 adspectu
1494 558 1638 647 ·0bvia;
1676 558 1764 631 hinc
1798 557 2033 657 singuorum
2066 560 2233 658 capitum
2255 563 2340 636 siu·

297 732 438 833 gulosis
471 731 694 832 compositio
720 737 834 829 atque
868 729 1066 824 dissectio,
1099 751 1216 826 quam
1247 732 1450 825 sequentes
1475 729 1648 828 pagellae
1673 735 1761 804 ante
1786 730 1917 804 oeulos
1941 694 2105 829 ponunt.
2154 729 2234 807 Sed
2258 731 2340 807 iam

26 953 47 1013 ⁸.
160 1003 163 1008 Α
296 902 426 1002 paullo
440 903 663 996 aceruatim,
689 925 807 1001 quam
825 902 1014 976 rationem
1038 899 1079 973 in
1105 899 1323 995 adornanda
1340 898 1505 972 editione
1527 904 1677 971 secutus
1697 896 1782 989 sim,
1810 919 2005 993 exponere
2019 897 2143 971 liceat
2186 893 2339 1002 Agmen

227 1175 235 1182 ἢ
297 1065 401 1163 ducit
426 1067 550 1141 codex
577 1051 922 1163 Guelferbytanus,
948 1091 1065 1166 quem
1089 1067 1273 1192 publici
1261 1068 1355 1145 suris
1380 1065 1473 1140 fecit
1496 1056 1753 1153 Eccardu‘s3
1781 1065 1923 1139 etenim
1948 1089 2074 1163 neque
2099 1065 2238 1138 iniuria
2264 1043 2338 1138 ne·

295 1256 372 1332 que
397 1234 480 1307 sine
494 1229 621 1331 gloria
646 1219 1004 1308 Fenerbaehius
1029 1254 1152 1330 nuper
1177 1229 1420 1322 Wiardae,
1446 1230 1524 1357 legi
1538 1231 1687 1313 Saliene
1710 1233 1934 1307 emendatae
1959 1234 2146 1308 maiorem
2168 1241 2345 1314 aetutem⁴

294 1395 519 1491 vindicanti,
546 1396 783 1471 adversarius
810 1350 949 1487 extitit,
976 1401 1091 1497 atque
1117 1358 1419 1490 antiquissimam
1442 1398 1538 1519 legis
1564 1402 1716 1470 nostrae
1741 1396 1925 1492 formum,
1952 1400 2024 1473 etsi
2048 1398 2198 1471 librarii
2221 1399 2337 1496 culpe

292 1567 436 1644 minen
459 1566 501 1638 in
524 1564 681 1638 modum
714 1569 952 1661 corruptam,
990 1560 1031 1633 in
1054 1562 1128 1636 isto
1154 1559 1286 1636 codice
1312 1563 1433 1638 nobis
1455 1552 1538 1642 tsse
1570 1566 1779 1662 servatam,
1812 1575 1916 1644 recte
1945 1568 2151 1642 contendit.
2211 1565 2336 1642 Guel-

123 1795 127 1802 .
238 1836 244 1853 ,
282 1718 497 1829 errbytmo
530 1732 798 1806 Monacensem
826 1729 990 1803 aditurxi
1023 1728 1196 1848 codicem
1228 1732 1278 1805 ab
1310 1731 1395 1829 ipso
1420 1737 1683 1828 Fenerbncbio
1711 1738 1820 1814 bisce
1852 1739 1986 1813 diebsrs
2018 1702 2184 1829 editum,
2225 1735 2336 1808 errirrs

290 1910 382 1983 licet
405 1914 510 1989 aetas
535 1905 651 1980 dubie
675 1905 754 2000 sit,
768 1911 871 1978 tanta
896 1910 1025 1978 tamen
1051 1926 1141 1977 cum
1160 1904 1234 1978 illo
1252 1913 1319 1978 est
1342 1901 1571 1998 similitudo,
1597 1913 1659 1999 ut,
1683 1905 1748 1980 vel
1771 1902 1981 2002 postposito
2006 1903 2140 1977 ordine
2164 1900 2335 1974 chrono-

290 2079 440 2180 logico,
465 2032 762 2153 muta-illecardi
784 2077 911 2176 legem
934 2076 1061 2174 ipsum
1084 2055 1230 2176 ponere
1253 2077 1393 2165 melius
1418 2071 1615 2179 (Ιιιιιιιιὶιιι.Ι
1663 2070 1797 2168 Neque
1828 2071 1955 2145 minus
1987 2068 2233 2167 inambigua
2259 2074 2335 2161 est,

142 2214 172 2285 .'
270 2272 481 2350 quaenam
501 2219 755 2322 Parisiensem
776 2246 897 2340 inter,
927 2269 1047 2345 quem
1073 2245 1322 2321 Schiltero
1349 2237 1555 2329 debemus,
1584 2243 1623 2310 et
1644 2235 1874 2313 tudensem
1897 2237 1982 2313 sive
2000 2237 2197 2313 Heroldi
2224 2208 2336 2314 eodi-

290 2430 356 2495 c'es
375 2416 586 2492 intercedat
605 2414 738 2488 aetatis
757 2413 876 2504 rati03
905 2415 976 2488 sed
995 2413 1171 2489 sieit'me
1191 2405 1289 2488 mira
1316 2414 1403 2507 illa,
1431 2390 1519 2506 cum
1539 2416 1580 2488 in
1607 2386 1807 2490 titudorinn
1834 2414 2232 2514 capitumqueseria,
2248 2425 2336 2501 ιιιιιι

165 2684 169 2691 ⁴
291 2590 448 2690 in²ipsis
468 2587 620 2682 serbis,
647 2585 879 2661 Heroldinse
907 2592 1022 2684 etque
1048 2584 1289 2659 emendatae
1300 2584 1395 2685 legis
1425 2588 1643 2682 consensio,
1673 2596 1733 2684 ut,
1760 2588 1966 2663 Parisiensi
1993 2589 2164 2688 priorem
2191 2564 2342 2720 conces·⁴

279 2761 385 2863 ¹deus
406 2760 554 2853 loemn,
581 2756 672 2831 illi
658 2783 701 2832 m
719 2763 869 2856 quarta
866 2756 1051 2832 columne
1069 2757 1277 2858 collocatae
1296 2773 1531 2890 apponerem
1550 2758 1810 2852 emendatam,
1832 2760 1922 2834 huic
1941 2770 2036 2837 vero
2059 2761 2170 2859 qussi
2186 2783 2336 2861 appen-

203 3006 206 3028 ,
286 2928 390 3018 dieis
405 2923 505 3005 looo¹
512 2926 638 3027 legem
658 2925 867 3001 adiicerem
885 2881 1169 3024 Ripuarionnn.
1204 2926 1252 3000 ln
1273 2929 1447 3026 capitulis
1467 2929 1684 3028 digerendis
1706 2927 1999 3047 Guelferbytaui
2016 2929 2157 3005 codicis
2179 2941 2335 3007 seruus

204 3070 207 3077 λ
291 3124 379 3175 sum
393 3098 594 3192 ordinem,
626 3086 769 3194 possim
789 3103 918 3170 tamen
940 3101 1147 3191 menum,
1179 3101 1240 3187 ut,
1273 3118 1372 3193 quae
1398 3076 1572 3172 eiusdem
1600 3098 1813 3196 argumenti
1839 3099 2017 3196 capitula
2025 3098 2127 3173 binis
2146 3099 2241 3171 locis
2263 3123 2334 3173 oc·
2368 3165 2370 3169 Α

291 3276 471 3365 currunt,
493 3261 785 3365 coniungerem,
804 3287 930 3362 neque
952 3247 1170 3338 aetolorum
1190 3211 1514 3340 consumendos
1534 3264 1649 3340 nimis
1670 3237 1911 3361 dissecarem.
1965 3266 2072 3362 Quae
2091 3273 2157 3339 cut
2175 3267 2224 3340 ab
2245 3292 2334 3343 om·

289 3442 405 3517 nibus
426 3436 621 3535 codicibus
646 3441 710 3508 aut
736 3403 978 3532 aplerisque
1005 3430 1237 3507 exhibentur
1264 3428 1448 3527 capitula,
1476 3429 1576 3528 typis
1605 3429 1814 3528 maioribus
1842 3452 2024 3527 expresse
2057 3455 2136 3505 uuo
2163 3433 2205 3506 in
2235 3455 2332 3507 oon·

238 3640 251 3656 =
290 3617 445 3711 spectra,
467 3608 580 3715 etita
600 3603 756 3703 quidem
777 3602 906 3701 posui,
936 3608 980 3674 nt
999 3599 1063 3675 vel
1084 3602 1254 3701 singrdce
1272 3599 1500 3701 paragraphi
1527 3625 1603 3674 una
1624 3602 1732 3675 iuxta
1750 3602 1910 3678 alteram
1931 3612 2155 3701 appareant,
2184 3605 2235 3679 ab
2260 3629 2337 3681 eo-

185 3775 193 3790 '
287 3776 372 3878 que
398 3775 529 3876 regule
558 3771 710 3848 nonnisi
733 3772 776 3846 in
794 3770 998 3871 Ripuariae
1023 3772 1141 3847 titulis
1171 3771 1441 3845 distribuendis
1467 3769 1628 3860 recessi3
1664 3793 1752 3844 cum
1780 3770 1883 3844 enim
1911 3772 2114 3870 utriusque
2135 3775 2231 3874 legis
2249 3750 2331 3851 non

291 3955 334 4028 iu
353 3949 496 4041 verbis,
517 3947 586 4021 sed
606 3930 818 4045 ergdmenti
840 3944 1037 4015 dumtaxat
1057 3938 1107 4012 sit
1127 3935 1338 4029 consensio,
1360 3936 1424 4011 vel
1443 3934 1656 4041 minoribus
1668 3935 1803 4008 formis
1823 3937 1880 4008 uti
1900 3938 1964 4011 vel
1989 3937 2098 4013 iuxta
2109 3940 2238 4036 plures
2256 3893 2335 4015 Sa.-

281 4121 388 4215 =liene
408 4114 503 4215 legis
523 4113 653 4187 titulos
672 4112 775 4186 idem
798 4108 1004 4208 capitulum
1023 4107 1236 4207 producere
1256 4105 1394 4202 malui,
1422 4131 1538 4205 quam
1558 4107 1746 4180 maiorem
1764 4108 1925 4206 paginae
1944 4073 2094 4206 partem
2109 4111 2332 4210 relinquero
2389 4178 2394 4185 .

291 4305 464 4361 vacuam·
517 4277 712 4376 Quidquid
742 4298 843 4364 vero,
866 4273 1018 4348 nemrisi
1044 4274 1085 4346 iu
1106 4272 1264 4373 singulis
1291 4262 1436 4385 legitur⁸
1451 4270 1668 4366 codicibus,
1697 4273 1780 4348 sive
1808 4275 1860 4347 ad·
1877 4275 2001 4373 ipsam
2022 4279 2149 4377 legem
2168 4291 2329 4381 spectet,

290 4455 378 4529 sive
404 4443 624 4548 appendicis
643 4445 731 4518 looo
750 4441 942 4515 adiectum
962 4439 1030 4534 sit,
1056 4447 1099 4512 ut
1118 4439 1435 4538 compositionrnn
1454 4443 1620 4537 indices,
1652 4442 1917 4542 capitrdarium
1936 4443 2150 4543 fragmenta
2170 4455 2209 4522 et
2230 4394 2331 4549 quiae

290 4629 378 4698 sunt
399 4574 558 4707 sindlin,
586 4637 631 4686 oa
653 4576 780 4685 omnia
802 4571 843 4684 in
866 4609 980 4684 linem
1000 4611 1127 4709 operis
1149 4609 1335 4709 relegavi,
1357 4607 1645 4709 minoribusque
1666 4613 1767 4711 typis
1789 4611 2041 4710 exprimenda
2063 4613 2206 4690 cunavi.
2248 4617 2330 4694 lle·
2363 4626 2370 4634 ’

290 4788 405 4883 uique
431 4805 481 4855 ne
510 4780 601 4881 quid
627 4777 774 4853 deesset
801 4777 1126 4906 interpretationis
1151 4776 1380 4873 subsidirun,
1418 4778 1660 4878 capittdarim
1693 4805 1865 4878 1ιιιιοιιιιιι
1893 4781 2045 4857 decreta
2075 4793 2145 4899 out,
2165 4784 2207 4857 in
2234 4785 2335 4886 ipsis·

279 4955 439 5056 legibus
462 4948 689 5043 obueuuurt,
712 4958 776 5023 aust
806 4973 830 5024 a
850 4949 1017 5025 librariis
1037 4949 1186 5034 adnexa
1207 4956 1315 5043 stunt,
1347 4973 1495 5051 quaeve
1511 4956 1674 5067 ,Carolus
1694 4957 1748 5034 M.
1769 4965 1809 5033 et
1828 4956 2046 5034 Lucenses
2067 4960 2110 5039 P.
2133 4963 2222 5041 addi
2239 4966 2329 5044 tus·
