4808 5686
116 350 304 441 -crxaan
321 352 373 409 ux
391 350 477 411 coo.
495 352 607 411 evan.
704 432 707 438 .
778 432 781 437 Ι

115 568 243 629 oodwim
255 587 309 643 per
318 551 495 628 sacramenta
502 574 669 637 absolvere.
696 574 728 629 Si

115 654 187 711 saior
202 672 302 713 cacam
315 656 416 727 riserit,
435 676 520 732 quam
534 660 660 714 XXXV.
677 676 729 714 so·

115 739 242 813 rlpabilis
252 736 437 809 inveniatur,
458 759 509 798 seu
527 742 621 800 adhuc
632 741 729 799 maio-

115 840 179 880 rero
200 822 346 897 superest,
375 836 408 881 ut
428 826 508 883 unde
526 827 622 882 miuus
641 845 728 902 quem

119 906 208 966 solidi
228 926 289 967 non
307 908 481 980 iudicentur,
506 910 570 983 ipse
593 911 728 984 quicum

115 1003 198 1049 tcum
214 1010 294 1049 nono
308 993 447 1050 wedredo
467 994 553 1051 debet
570 994 677 1062 iurare,
699 1005 728 1051 et

115 1077 251 1149 irogatua
266 1085 323 1144 est,
345 1072 370 1132 si
387 1094 418 1133 se
435 1078 571 1134 idoneum
589 1078 727 1154 agnoscit,

123 1158 360 1219 octavodecimo
381 1161 453 1219 datis
472 1164 654 1219 sacramentis
673 1162 727 1218 ab·

115 1242 239 1302 edebat.
282 1244 313 1301 si
335 1256 410 1302 certe
430 1248 495 1305 talis
514 1247 601 1302 suerit
620 1265 726 1315 caussa,

115 1330 189 1385 [LV.
201 1331 256 1386 sol.
269 1339 316 1385 aut
328 1331 448 1403 amplius
461 1348 550 1406 usque
564 1331 599 1385 ad
612 1332 727 1386 leudem

115 1430 188 1471 nere
200 1413 300 1483 debet,
324 1414 386 1487 ipsa
404 1415 453 1489 qui
467 1432 532 1471 eum
546 1415 659 1489 rogavit
673 1413 726 1469 de-

115 1498 260 1557 odeciruos
271 1498 409 1554 wedredo
423 1499 531 1563 iurare3
555 1509 582 1552 et
599 1498 661 1570 ipse
677 1498 727 1572 qui

115 1590 199 1648 test,
223 1579 249 1637 si
263 1597 295 1636 se
314 1581 498 1638 innocentem
528 1599 590 1638 esse
616 1599 727 1654 cogno-

115 1662 268 1721 ricesimus
302 1665 416 1740 quintus
444 1666 516 1721 datis
541 1666 726 1721 sacramentis

115 1765 160 1805 ere
178 1766 211 1805 se
229 1746 324 1804 debet.
367 1750 397 1806 Si
415 1768 484 1805 vero
502 1750 540 1805 de
556 1750 642 1805 leude
660 1768 725 1804 eum

115 1848 141 1886 tn
163 1830 309 1901 babuerit,
335 1834 423 1889 debet
446 1834 496 1908 qui
522 1851 586 1887 eum
615 1833 727 1907 rogavit

115 1919 153 1973 11.
165 1916 303 1973 wedredo
316 1915 419 1983 iurare,
444 1926 473 1971 et
484 1916 560 1988 ipsas
572 1918 654 1970 XIV·
669 1935 726 1972 no-

115 2016 202 2055 naum
214 2000 385 2069 calefacere3
401 2009 430 2056 et
443 1999 468 2055 si
481 1999 516 2054 ad
529 2001 620 2071 ipsum
634 2001 726 2071 placi-

115 2084 191 2139 snire
209 2082 387 2158 despexerit,
400 2093 448 2139 aut
466 2101 582 2139 maurim
602 2100 681 2139 suam
695 2086 726 2140 in

115 2186 130 2223 o
148 2167 261 2225 mittere
277 2168 416 2236 noluerit,
434 2168 598 2242 quicunque
615 2169 725 2223 Antru-

115 2268 130 2307 e
147 2251 186 2306 de
202 2269 289 2308 causa
308 2252 438 2324 superius
455 2253 662 2323 comprehensa
674 2271 726 2324 per

115 2345 184 2392 ¹enta
206 2352 239 2392 se
259 2332 410 2395 absumere
428 2354 488 2392 non
509 2336 645 2408 potuerit,
677 2347 725 2391 aut

114 2440 124 2476 ι
145 2436 227 2477 suam
247 2438 302 2492 pro
320 2420 405 2476 leude
421 2420 453 2476 in
470 2437 592 2475 aeneum
610 2421 723 2476 mittere

117 2502 188 2571 erit,
207 2502 442 2575 autinplaciturn
455 2504 554 2560 venire
573 2504 723 2573 distulerit,

114 2590 143 2643 le
160 2586 214 2663 qui
235 2603 302 2642 enm
322 2597 448 2660 rogatum
466 2586 564 2642 habuit
585 2591 674 2645 solem
696 2590 724 2644 ei

115 2689 149 2729 re
164 2668 306 2728 debet'ad
324 2669 416 2743 ipsam
429 2688 499 2727 vero
512 2672 589 2727 diem
602 2672 634 2727 in
647 2675 723 2727 mal-

115 2753 214 2827 sipso,
236 2753 271 2809 in
285 2756 348 2809 XL.
363 2752 471 2810 noctib.
512 2754 543 2809 si
563 2773 616 2811 nec
636 2756 677 2810 ibi
691 2773 723 2812 se

115 2838 191 2903 ierit,
213 2848 282 2895 tunc
301 2836 351 2893 ille
370 2837 418 2912 qui
437 2854 501 2893 eum
517 2849 647 2912 rogatum
666 2842 722 2895 ha-

115 2925 181 2979 >lem
201 2925 340 2991 collocet3
362 2932 460 2994 postea
480 2920 561 2977 illum
582 2923 616 2975 ad
638 2941 723 2993 prae-

115 3005 226 3079 allegis
242 3007 278 3061 ed
299 3016 399 3063 noctes
411 3007 491 3060 xlv.
507 3024 608 3078 rogare
626 3007 721 3078 debet,

115 3106 162 3146 em
179 3089 333 3146 duodecim
351 3101 437 3145 testes
456 3107 580 3161 ponere,
604 3093 653 3164 qni
672 3111 724 3165 per

115 3190 130 3230 s
152 3172 233 3231 vices
250 3182 315 3235 ,tres
341 3172 423 3228 iurati
443 3173 553 3240 dicant,
582 3177 660 3249 qnod
680 3177 722 3234 ibi

115 3266 133 3327 t,
148 3256 201 3313 ubi
213 3255 256 3315 itti
267 3257 405 3313 amonitio
418 3255 455 3310 ad
467 3256 548 3313 xtv.
559 3269 660 3315 noctes
671 3280 722 3318 so-

115 3328 258 3408 llocasset,
277 3349 305 3396 et
316 3340 367 3397 ille
378 3338 416 3395 de
429 3352 606 3397 sacramento
619 3361 650 3400 se
662 3364 722 3404 non

115 3436 148 3497 tt,
163 3442 219 3482 nec
230 3441 347 3482 manum
361 3440 441 3487 suam
455 3441 508 3496 pro
525 3426 610 3482 leude
622 3429 654 3483 in
671 3449 722 3486 ae·

115 3508 257 3566 seruisset.
283 3508 430 3565 'Similiter
447 3510 542 3565 etalii
560 3520 617 3567 tres
636 3524 722 3571 testes

126 3593 207 3669 quod
218 3593 250 3647 in
260 3590 441 3650 XL.-noctib.
454 3596 516 3649 sole
531 3595 558 3651 ei
570 3599 721 3668 collocato,

115 3680 260 3733 ‚ullatenus
268 3674 305 3732 de
319 3676 509 3733 Antrnssione
517 3679 642 3752 garialto
648 3693 723 3740 estre

128 3762 259 3843 dixisset.
294 3763 335 3817 At
348 3761 504 3817 tertiariae
525 3765 578 3819 tria
589 3767 720 3823 testimo-

117 3844 195 3901 iliter
208 3844 303 3913 dabit,
322 3845 371 3919 qui
391 3843 501 3913 dicant,
519 3849 640 3920 qualiter
655 3868 719 3907 eum

115 3929 247 3987 saeratiarn
269 3929 343 4003 regis
365 3929 468 3987 venire
482 3943 623 4004 rogasset3
647 3945 675 3989 et
695 3937 720 3991 si

115 4030 149 4067 uo
170 4012 300 4081 venerit,
331 4012 393 4085 ipse
414 4031 521 4072 novem
542 4018 720 4091 testimonia,

119 4095 218 4166 perius
229 4095 369 4165 diximus,
390 4095 474 4153 iurati
491 4100 595 4156 dicent.
631 4103 720 4158 Simi-

115 4197 125 4233 ι
137 4177 185 4234 die
195 4178 292 4235 sitnon
303 4179 426 4249 venerit,
442 4187 565 4241 collocet
578 4186 605 4241 ei
617 4190 719 4257 solem,

115 4261 158 4317 ria
170 4263 343 4333 testimonia,
354 4282 429 4339 maan
441 4266 481 4333 ibi
492 4269 613 4339 fuerant,
625 4290 719 4344 ‹pran-

115 4345 314 4404 oollocabatur.
349 4348 380 4405 si
392 4344 446 4405 ista'
460 4352 556 4406 omnia
575 4354 718 4426 implere-

121 4445 188 4485 eum
201 4429 354 4499 admallat,
371 4443 401 4490 et
419 4434 469 4491 ille
485 4435 534 4511 qui
550 4437 720 4495 admallatur

115 4516 172 4569 lum
195 4516 331 4587 placitum
352 4519 454 4575 renire
480 4522 620 4591 voluerit,
651 4534 717 4581 tunc

115 4597 229 4672 dquam
241 4600 386 4656 mannitus
399 4613 457 4671 est,
474 4622 541 4660 eum
558 4602 719 4662 extra'ser-

115 4698 212 4738 ,suum
225 4693 331 4756 ponat3
355 4696 385 4741 et
400 4686 564 4763 quicunque
579 4706 650 4761 ,eum
671 4702 719 4747 aot

115 4804 121 4831 ‚
140 4756 188 4821 abt
202 4766 359 4840 hospitium
380 4769 421 4833 illi
440 4770 568 4841 dederit,
589 4773 613 4829 si
632 4775 718 4831 luerit

115 4850 212 4925 opria,
233 4854 291 4908 eol.
307 4854 376 4912 XV.
395 4854 543 4930 culpabilia
562 4857 713 4929 iudicetur,

933 352 1012 409 LEX
1029 353 1109 411 set..
1127 354 1345 412 EMENDATA.

1513 1586 1517 1594 ι

1504 1862 1514 1877 Ι

2192 144 2270 229 sat

1726 357 1804 411 utx
1821 354 2087 412 mevatttouvts.
2144 398 2153 410 .

1598 578 1848 659 ,’1’ὶὶ.ΧΙιΙΧο
1899 579 1960 653 De
1983 570 2215 653 adiutirnire·
2261 644 2267 663 ,

1566 700 1667 787 'Quod
1693 709 1720 768 si
1740 709 1892 766 adiatimus
1914 708 2002 765 luerit
2021 706 2099 763 inter
2120 703 2215 763 virum
2236 711 2267 758 et

1547 798 1710 864 mulierem,
1728 804 1794 867 post
1808 793 1960 849 discessum
1974 789 2124 846 amborum
2140 787 2176 843 ad
2189 786 2265 859 legi·

1547 882 1633 937 timos
1650 879 1771 935 heredes
1787 886 1959 944 revertatur,
1985 874 2043 931 nisi
2062 882 2187 941 tantum,
2215 870 2265 945 qui

1546 982 1645 1039 parem
1656 978 1740 1020 suum
1750 960 1955 1036 supervixerit,
1975 958 2009 1014 in
2020 960 2204 1039 eleemosyna
2215 956 2265 1014 rel

1547 1049 1579 1105 in
1589 1065 1641 1105 sua
1654 1046 1856 1115 necessitatet)
1869 1041 2050 1118 expenderit.

1547 1205 1624 1283 ria
1639 1176 1779 1281 exre.
1831 1203 1891 1278 ne
1908 1199 2067 1277 homno
2090 1198 2133 1274 in
2146 1197 2264 1273 aomo

1724 1304 1881 1407 propria
1907 1297 2075 1391 occisott.

1579 1434 1610 1511 Si
1622 1437 1686 1514 quis
1699 1437 1846 1494 bominem
1861 1435 1892 1491 in
1903 1434 1991 1489 domo
2004 1432 2120 1507 propria
2132 1448 2198 1490 eum
2209 1431 2264 1487 lta-

1542 1524 1679 1591 riraida0)
1689 1519 1871 1587 interfecerit,
1890 1527 1989 1573 auctor
2001 1518 2068 1573 iacti
2084 1515 2265 1613 triplicispe-

1542 1609 1652 1684 regildo
1668 1609 1817 1672 multetur3
1845 1611 1874 1657 et
1895 1612 1951 1657 tres
1967 1601 2078 1675 priores
2089 1602 2151 1657 XC.
2162 1598 2264 1655 solidis

1542 1693 1698 1764 culpabiles
1710 1689 1885 1754 iudicentur,
1899 1694 1927 1741 et
1940 1686 2039 1760 quanti
2051 1686 2079 1742 ei
2093 1683 2263 1757 sanguinem

1541 1776 1678 1843 fuderint,
1692 1768 2049 1848 unusquisqueweragitdo
2063 1782 2262 1837 eumcempo·

1541 1870 1605 1929 nat;
1629 1870 1658 1915 et
1673 1856 1885 1937 quanticunque
1898 1864 1965 1927 post
1976 1862 2122 1909 auctorem
2139 1849 2259 1924 sangui-

1541 1945 1587 2000 nis
1606 1943 1742 1999 effusores
1759 1943 1808 1996 vel
1826 1947 1892 2010 post
1906 1945 1964 1993 tres
1982 1934 2126 2010 priorestl)
2144 1932 2261 1999 baetim,

1541 2026 1737 2101 unusquisque
1755 2023 1823 2077 xV.
1840 2019 1941 2077 solidis
1962 2016 2109 2086 multatam,
2132 2028 2162 2074 et
2178 2016 2264 2091 quic-

1542 2112 1610 2186 quid
1626 2109 1669 2165 ibi
1685 2105 1850 2173 talaverint,
1874 2103 2032 2161 restituant.

1541 2248 1620 2325 Tit.
1646 2243 1766 2322 LXV.
1825 2245 1886 2320 De
1917 2267 1966 2319 eo
1997 2239 2065 2339 qui
2090 2238 2262 2315 bannum

1754 2370 1835 2423 non
1860 2343 2057 2442 adimplet.

1575 2481 1596 2551 l.
1605 2484 1628 2534 1.
1643 2478 1673 2535 Si
1687 2478 1750 2553 quis
1761 2476 1871 2551 legibus
1884 2475 1915 2530 in
1926 2473 2077 2529 utilitatem
2089 2470 2184 2544 Regis,
2196 2471 2260 2526 sire

1540 2565 1572 2620 in
1585 2566 1676 2632 hoste,
1691 2580 1743 2623 seu
1756 2562 1787 2617 in
1804 2561 1943 2635 reliquam
1959 2557 2111 2612 utilitatem
2123 2554 2260 2609 bannitus

1538 2647 1641 2715 luerit,
1668 2655 1696 2702 et
1714 2644 1866 2710 minimae)
1883 2637 2096 2713 adimpleverit,
2120 2638 2146 2695 si
2163 2638 2259 2710 aegri·

1540 2729 1610 2787 tudo
1626 2748 1692 2786 eum
1710 2748 1773 2787 non
1785 2725 1964 2795 detenuerit,
1983 2726 2047 2781 LX.
2063 2720 2163 2781 solidis
2180 2723 2259 2778 mul-

1540 2822 1640 2967 apri
1662 2896 1692 2953 Si
1711 2906 1804 2952 autem
1821 2899 1964 2951 Romanus
1983 2902 2030 2948 aut
2050 2888 2259 2949 ecclesiasticus

1540 2983 1590 3038 rel
1610 2980 1703 3054 regius
1730 2979 1818 3034 homo
1842 2980 1898 3034 hoo
1917 2976 2032 3044 fecerit,
2063 2973 2259 3047 unusquisque

1540 3076 1638 3123 contra
1652 3073 1796 3119 auctorem
1807 3079 1890 3118 suum
1901 3066 1999 3118 XXX.
2012 3059 2112 3117 solidis
2126 3054 2258 3129 culpabi·

1539 3150 1576 3209 lis
1590 3149 1740 3206 iudicetur.

1575 3235 1596 3301 ξ.
1607 3236 1633 3289 8.
1648 3232 1678 3286 Si
1692 3231 1756 3305 quis
1771 3240 1865 3285 eutem
1879 3228 2044 3300 legatarium
2056 3226 2150 3300 Regis,
2159 3227 2207 3281 rel
2220 3223 2256 3281 ad

1535 3320 1642 3390 Regem
1654 3332 1704 3369 seu
1717 3314 1746 3368 in
1756 3314 1906 3369 utilitatem
1914 3311 1996 3383 Regis
2009 3322 2173 3383 pergentem
2177 3350 2186 3378 ,
2199 3310 2255 3364 ho·

1538 3400 1624 3472 spitio
1637 3396 1781 3469 suscipere
1800 3394 2018 3467 contempserit,
2041 3394 2098 3449 nisi
2117 3393 2257 3447 emunitas

1537 3484 1621 3555 Regis
1629 3482 1686 3537 hoc
1694 3480 1907 3547 contradixerit,
1921 3483 1982 3534 tx.
1993 3477 2093 3535 solidis
2107 3475 2257 3549 culpabilis

1537 3567 1691 3632 iudicetur,
1713 3576 1760 3621 aut
1770 3565 1794 3620 si
1807 3566 1916 3636 regins,
1939 3566 2083 3618 Romanus
2101 3572 2149 3617 aut
2160 3564 2254 3617 eccle-

1536 3650 1664 3707 siasticus
1679 3651 1765 3705 borno
1780 3649 1836 3703 hoe
1849 3647 1964 3708 lecerit,
1977 3646 2170 3720 urratsquisque
2182 3662 2254 3699 cou-

1535 3743 1577 3790 tra
1591 3732 1768 3801 auctorem¹)
1780 3749 1866 3788 suum
1879 3736 1978 3785 XXX·
1989 3729 2089 3787 aelidis
2100 3730 2243 3785 multetur.

1577 3890 1657 3963 Tit.
1683 3886 1822 3967 LXVI.
1876 3885 1936 3961 De
1960 3894 2211 3961 sacramento.

1570 4023 1594 4090 ς.
1606 4024 1629 4079 l.
1645 4019 1674 4075 Si
1684 4018 1748 4094 quis
1758 4017 1905 4090 Ripuarius
1917 4027 2096 4075 sacramento
2109 4016 2197 4072 iidem
2207 4018 2252 4073 ie·

1534 4105 1621 4173 uerit,
1643 4120 1729 4175 super
1743 4104 1822 4159 xlv.
1841 4110 1940 4157 noctes
1956 4099 2013 4158 sibi
2031 4102 2182 4175 septimos,
2202 4120 2254 4159 seu

1534 4187 1785 4255 duodecimus,rel
1798 4185 2019 4260 septuagesimus
2027 4184 2178 4245 sectandus.
2189 4202 2254 4242 curn

1533 4273 1662 4349 legitimo
1682 4269 1804 4325 termino
1825 4268 1951 4325 noctium
1969 4270 2081 4327 student
2096 4271 2253 4326 coniurare.

1535 4359 1566 4414 Si
1583 4366 1676 4412 autem
1698 4356 1844 4410 eontentio
1863 4366 1924 4409 orta
1941 4352 2040 4422 luerit,
2065 4355 2144 4428 quod
2158 4371 2252 4410 sacn-

1533 4452 1663 4497 ruenturu
1677 4439 1706 4492 in
1720 4438 1767 4493 die
1783 4440 1888 4511 placite
1906 4456 1966 4494 non
1978 4437 2165 4496 coniurasset.
2186 4450 2253 4494 tunc

1535 4544 1600 4582 cum
1615 4523 1695 4578 tertia
1708 4534 1787 4594 pane
1805 4524 1958 4577 intentorum
1975 4538 2090 4575 satorum
2104 4522 2255 4577 adfirmare

1535 4609 1662 4674 studeat,
1687 4606 1829 4681 aliquibus
1844 4626 1860 4661 a
1878 4606 1986 4661 dextris
1998 4608 2083 4675 setttt)
2101 4606 2254 4661 asinistris

1534 4691 1682 4749 stantibus.
1712 4690 1762 4745 Sin
1775 4700 1869 4744 nrttern
1881 4706 1935 4743 nee
1947 4687 1989 4741 sic
1997 4687 2175 4755 satisfecerit,
2186 4700 2252 4745 tunc

1511 4838 1514 4847 Ι
1534 4776 1692 4832 ωειιιιάιιπι
1706 4774 1897 4846 praesentiunt
1916 4770 2017 4827 iudicis
2029 4773 2076 4828 vel
2093 4774 2252 4829 secundum

1511 4886 1514 4905 ι
1535 4860 1767 4916 terminationem
1778 4868 1888 4913 sextam
1899 4857 2052 4911 iuratorum
2062 4872 2178 4912 suorum
2187 4874 2252 4913 oum

115 5078 129 5173 ἶ)
148 5084 221 5197 cod.
233 5102 318 5177 blet,
327 5100 496 5177 antagtdo,
521 5104 594 5167 caet.
607 5107 712 5165 Goth·
724 5109 883 5187 urogodiu,
907 5115 978 5172 Cod.
995 5122 1074 5191 lteg.
1088 5120 1258 5177 carimde.
1316 5124 1341 5181 dt
1361 5121 1432 5181 Cod.
1446 5120 1563 5180 bamb.
1573 5121 1683 5201 plures.
1738 5124 1764 5193 a)
1783 5121 1854 5179 cod.
1866 5123 1947 5179 liet.
1962 5119 2061 5181 inserit
2075 5122 2185 5177 emerit
2196 5120 2250 5176 orl.

129 5185 241 5247 bamb.
255 5187 442 5265 mnerold.
456 5196 595 5265 omnem.
626 5194 668 5277 ιι)
694 5192 767 5263 αφά,
781 5194 863 5256 llet.
879 5210 907 5256 et
922 5200 1020 5259 kind.
1036 5202 1190 5277 aliquibus.

1782 5278 1836 5351 ⁴0
